<mjloggm ver="2.3"><GO type="169" lobby="0"/><UN n0="%67%61%72%75%63%69%61" n1="%E3%83%95%E3%83%BC%E3%82%AC" n2="%E6%9D%BE%E5%B3%B6" n3="%43%4C%53" dan="16,17,16,16" rate="2112.78,2150.01,2049.02,2150.09" sx="M,M,M,M"/><TAIKYOKU oya="0"/><INIT seed="0,0,0,4,3,96" ten="250,250,250,250" oya="0" hai0="36,49,23,61,11,4,66,26,24,0,67,116,93" hai1="18,28,81,33,1,19,7,89,127,131,15,42,122" hai2="44,53,103,107,57,109,104,20,22,106,5,133,108" hai3="124,6,48,128,75,58,110,135,88,31,97,46,10"/><T72/><D36/><U85/><E122/><V83/><F5/><W92/><G110/><N who="2" m="42601" /><F133/><W73/><G135/><T29/><D72/><U99/><E127/><V114/><F114/><W118/><G118/><T86/><D116/><U50/><E131/><V115/><F115/><W87/><G128/><T55/><D61/><U68/><E68/><V25/><F83/><W43/><G124/><T56/><D86/><U32/><E1/><V134/><F44/><W16/><G31/><T40/><D40/><U2/><E2/><V39/><F39/><W54/><G87/><T45/><D45/><U84/><E7/><V59/><F134/><W34/><G34/><T82/><D82/><U90/><E28/><V101/><F25/><W91/><G91/><T79/><D79/><U65/><E65/><V125/><F125/><W21/><G10/><T3/><D3/><U111/><E111/><V51/><F59/><W119/><G6/><T105/><D105/><N who="2" m="26882" /><V70/><DORA hai="62" /><F70/><W113/><G113/><T112/><D112/><U12/><E81/><V37/><F37/><W94/><G94/><T132/><D132/><U17/><E42/><V69/><F69/><W126/><G119/><T9/><D9/><U52/><E33/><V80/><F80/><W120/><G120/><T74/><D74/><U47/><E32/><V8/><F8/><W130/><G130/><T35/><D93/><N who="1" m="56759" /><E89/><V100/><AGARI ba="0,0" hai="20,22,51,53,57,100,101,103" m="26882,42601" machi="100" ten="50,8000,1" yaku="14,1,52,3" doraHai="96,62" who="2" fromWho="2" sc="250,-40,250,-20,250,80,250,-20" /><INIT seed="1,0,0,0,4,52" ten="210,230,330,230" oya="1" hai0="9,87,65,98,39,73,93,82,38,20,60,24,115" hai1="118,1,102,88,97,62,58,76,6,59,113,3,5" hai2="4,132,54,130,128,126,57,94,112,103,123,66,131" hai3="48,12,25,11,106,119,49,7,55,116,105,15,84"/><U22/><E113/><V104/><F123/><W92/><G25/><T101/><D115/><U67/><E118/><N who="3" m="45098" /><G15/><T107/><D9/><U122/><E122/><V134/><F112/><W29/><G29/><T135/><D135/><N who="2" m="51754" /><F66/><W110/><G110/><T26/><D26/><U121/><E121/><V44/><F44/><N who="3" m="28039" /><G49/><T0/><D0/><U80/><E1/><V108/><F108/><W50/><G50/><T10/><D10/><U100/><E22/><V127/><F4/><N who="1" m="1641" /><E3/><V70/><F70/><W71/><G71/><T83/><D83/><U79/><E79/><V77/><F77/><W16/><G7/><T43/><D43/><U33/><E33/><V63/><F104/><W23/><G23/><T74/><D107/><U99/><E76/><V68/><F68/><W17/><G17/><T47/><D73/><U46/><E46/><V2/><F2/><W28/><G28/><T34/><D74/><U18/><E18/><V114/><F114/><W53/><G53/><T91/><D47/><U14/><E14/><V95/><F103/><N who="1" m="39465" /><E58/><V81/><F81/><W40/><G40/><T41/><D41/><U117/><E117/><V32/><F32/><W42/><G42/><T36/><D34/><U129/><E129/><V35/><F35/><W124/><G106/><T72/><D72/><U45/><E45/><V86/><F86/><AGARI ba="0,0" hai="59,62,67,80,86,88,97,99" m="39465,1641" machi="86" ten="30,5800,0" yaku="8,1,52,1,54,1" doraHai="52" who="1" fromWho="2" sc="210,0,230,58,330,-58,230,0" /><INIT seed="1,1,0,3,4,116" ten="210,288,272,230" oya="1" hai0="31,131,44,26,27,127,106,71,36,93,47,121,130" hai1="48,2,29,112,125,64,98,63,101,123,84,87,66" hai2="83,39,35,22,72,60,103,128,4,0,80,102,25" hai3="111,54,11,129,90,88,105,3,65,49,28,96,69"/><U74/><E112/><V61/><F128/><W95/><G129/><N who="0" m="49163" /><D106/><U41/><E125/><V132/><F132/><W97/><G111/><T85/><D71/><U19/><E74/><V32/><F39/><W16/><G28/><T14/><D127/><U38/><E38/><V30/><F72/><W50/><G3/><T109/><D109/><U91/><E2/><V118/><F118/><W110/><G110/><T76/><D36/><U94/><E29/><V70/><F35/><W56/><G69/><T24/><D31/><U107/><E19/><V1/><F61/><N who="3" m="38055" /><G105/><T21/><D121/><U23/><E23/><V37/><F37/><W53/><G50/><T100/><D100/><U62/><E123/><V124/><F124/><W45/><G54/><T55/><D55/><U8/><E8/><N who="2" m="2055" /><F1/><W46/><G46/><T75/><D75/><U5/><E5/><V122/><F122/><W89/><G96/><T126/><D126/><U51/><E41/><V34/><F34/><W67/><G67/><T10/><D21/><U13/><E13/><AGARI ba="1,0" hai="11,13,16,45,49,53,88,89,90,95,97" m="38055" machi="13" ten="30,3900,0" yaku="8,1,54,2" doraHai="116" who="3" fromWho="1" sc="210,0,288,-42,272,0,230,42" /><INIT seed="2,0,0,0,3,8" ten="210,246,272,272" oya="2" hai0="91,107,87,1,135,28,127,39,90,98,47,129,24" hai1="100,61,65,54,60,2,130,62,7,131,76,22,88" hai2="109,118,75,29,83,33,126,4,15,13,92,0,57" hai3="35,59,25,52,108,10,51,99,38,21,71,3,34"/><V69/><F69/><W27/><G108/><T133/><D1/><U55/><E76/><V120/><F83/><W89/><G71/><T23/><D127/><U53/><E100/><V56/><F75/><W114/><G38/><T79/><D79/><U14/><E2/><V68/><F68/><W11/><G114/><T30/><D129/><U84/><E65/><V113/><F92/><N who="3" m="56719" /><G35/><T86/><D30/><U132/><E132/><N who="0" m="50761" /><D107/><U123/><E123/><V77/><F77/><W80/><G34/><T95/><D91/><U121/><E121/><V66/><F66/><W58/><G3/><T19/><D28/><U45/><E45/><V49/><F49/><W36/><G36/><T116/><D116/><U70/><E70/><V119/><F120/><W32/><G32/><T5/><D5/><U82/><REACH who="1" step="1"/><E7/><REACH who="1" ten="210,236,272,272" step="2"/><V103/><F103/><W72/><G72/><T63/><D47/><U124/><E124/><V74/><F113/><W73/><G73/><T40/><D40/><U48/><E48/><V128/><F74/><W37/><G37/><T105/><D105/><U44/><E44/><V64/><F64/><W134/><G59/><T106/><D106/><U96/><E96/><V20/><F57/><W102/><G134/><T78/><D39/><U115/><E115/><V104/><F56/><W112/><G102/><T122/><D122/><U117/><E117/><V97/><F104/><W67/><G67/><T94/><D78/><U81/><E81/><V41/><F118/><W26/><G80/><T85/><D63/><U43/><E43/><V93/><F41/><W31/><G112/><RYUUKYOKU ba="0,1" sc="210,10,236,10,272,-30,272,10" hai0="19,23,24,85,86,87,90,94,95,98" hai1="14,22,53,54,55,60,61,62,82,84,88,130,131" hai3="10,11,21,25,26,27,31,51,52,58" /><INIT seed="3,1,1,5,0,68" ten="220,246,242,282" oya="3" hai0="98,69,114,25,42,135,39,34,4,57,119,84,93" hai1="0,88,65,33,41,35,56,63,2,86,52,70,78" hai2="19,72,87,11,49,80,105,85,124,21,96,101,134" hai3="121,17,108,31,132,26,67,37,18,79,64,83,123"/><W113/><G113/><T81/><D69/><U128/><E128/><V76/><F134/><W71/><G132/><T133/><D119/><U126/><E126/><V10/><F124/><W12/><G123/><T125/><D114/><U92/><E78/><V60/><F60/><W74/><G121/><T58/><D125/><U115/><E115/><V102/><F102/><W122/><G122/><T117/><D117/><U3/><REACH who="1" step="1"/><E41/><REACH who="1" ten="220,236,242,282" step="2"/><V54/><F72/><W15/><G74/><T7/><D135/><U100/><E100/><V47/><REACH who="2" step="1"/><F85/><REACH who="2" ten="220,236,232,282" step="2"/><W23/><G71/><T107/><D133/><U99/><E99/><V9/><F9/><W110/><G110/><T104/><D84/><U130/><E130/><V103/><F103/><W53/><G108/><T27/><D98/><U62/><AGARI ba="1,3" hai="0,2,3,33,35,52,56,62,63,65,70,86,88,92" machi="62" ten="40,8000,1" yaku="1,1,0,1,54,2,53,0" doraHai="68" doraHaiUra="8" who="1" fromWho="1" sc="220,-21,236,113,232,-21,282,-41" /><INIT seed="4,0,0,2,3,80" ten="199,349,211,241" oya="0" hai0="86,84,49,66,59,11,16,67,39,102,28,17,134" hai1="103,116,89,58,120,15,36,4,75,50,115,51,30" hai2="133,87,130,72,105,5,128,31,93,0,113,40,114" hai3="126,24,34,41,131,94,77,92,125,42,10,91,6"/><T74/><D39/><U2/><E116/><V108/><F108/><W90/><G77/><T65/><D74/><U46/><E120/><V73/><F40/><W121/><G121/><T97/><D134/><U56/><E75/><N who="2" m="28747" /><F31/><W25/><G10/><T118/><D118/><U12/><E2/><V38/><F38/><W1/><G6/><T107/><D28/><U35/><E36/><V109/><F109/><W3/><REACH who="3" step="1"/><G34/><REACH who="3" ten="199,349,211,231" step="2"/><T44/><D59/><U53/><E4/><V101/><F5/><W8/><G8/><T71/><D71/><U81/><E58/><V111/><F111/><W99/><G99/><T7/><D17/><U52/><E35/><V43/><F0/><W21/><G21/><T64/><N who="0" m="16384" /><DORA hai="14" /><T62/><D62/><U37/><E56/><V22/><F22/><W82/><G82/><T122/><D122/><U70/><E81/><V18/><F18/><W47/><G47/><T29/><D29/><U69/><E46/><V27/><F133/><W127/><G127/><T45/><D45/><U48/><E30/><V79/><F79/><W83/><G83/><T54/><REACH who="0" step="1"/><D16/><REACH who="0" ten="189,349,211,231" step="2"/><U96/><E69/><V123/><F123/><W60/><G60/><T117/><D117/><U61/><E61/><V112/><F27/><W26/><G26/><T106/><D106/><U129/><E70/><V78/><F105/><W57/><G57/><T100/><D100/><U124/><E103/><V76/><F101/><W95/><G95/><T68/><D68/><U63/><E63/><V32/><F93/><W98/><G98/><T19/><D19/><U33/><E96/><RYUUKYOKU ba="0,2" sc="189,15,349,-15,211,-15,231,15" hai0="7,11,44,49,54,84,86,97,102,107" hai3="1,3,24,25,41,42,90,91,92,94,125,126,131" /><INIT seed="4,1,2,2,4,25" ten="204,334,196,246" oya="0" hai0="66,96,17,48,88,130,98,2,80,50,86,35,114" hai1="31,21,120,95,119,7,94,8,10,91,97,11,79" hai2="68,112,108,54,26,33,58,56,57,0,62,19,99" hai3="3,70,89,41,127,105,12,43,20,83,122,85,74"/><T67/><D2/><U4/><E119/><V24/><F0/><W71/><G3/><T61/><D35/><U102/><E120/><V42/><F112/><W135/><G122/><T38/><D38/><U116/><E79/><V107/><F108/><W92/><G127/><T65/><D114/><U75/><E75/><V128/><F42/><W129/><G105/><T69/><D130/><U117/><E117/><V23/><F128/><W45/><G129/><T93/><D98/><N who="1" m="57695" /><E116/><V104/><F104/><W84/><G135/><T30/><D30/><U124/><E124/><V82/><F82/><W16/><G74/><T46/><D17/><U126/><E126/><V121/><F121/><W106/><G106/><T78/><REACH who="0" step="1"/><D50/><REACH who="0" ten="194,334,196,246" step="2"/><U118/><E118/><V49/><F33/><W101/><G101/><T111/><D111/><U9/><N who="1" m="2048" /><DORA hai="90" /><U73/><E31/><V63/><F99/><W22/><G22/><T123/><D123/><U52/><E21/><V132/><F132/><W6/><G6/><T103/><D103/><U27/><E4/><V64/><F107/><W1/><G1/><T13/><D13/><U115/><E7/><V34/><F34/><W53/><G20/><T36/><D36/><U51/><E115/><V39/><F39/><W134/><G134/><T81/><D81/><U59/><E27/><V76/><F26/><W109/><G109/><T87/><D87/><U28/><E73/><V14/><F24/><W44/><G84/><T60/><D60/><U113/><E113/><V29/><F29/><W5/><G83/><T32/><D32/><U131/><E131/><RYUUKYOKU ba="1,3" sc="194,15,334,15,196,-15,246,-15" hai0="46,48,61,65,66,67,69,78,80,86,88,93,96" hai1="28,51,52,59,95,97,102" /><INIT seed="4,2,3,0,1,47" ten="209,349,181,231" oya="0" hai0="79,83,92,114,72,118,35,100,0,44,25,28,34" hai1="67,89,95,41,23,122,56,93,91,59,43,134,48" hai2="87,10,21,13,52,123,58,80,9,65,81,70,117" hai3="128,86,1,96,75,112,60,102,24,110,101,111,85"/><T11/><D118/><U36/><E36/><V12/><F123/><W131/><G1/><T133/><D114/><U108/><E122/><V104/><F104/><W94/><G75/><T19/><D133/><U99/><E134/><V3/><F3/><W54/><G24/><T69/><D69/><U73/><E73/><V78/><F117/><W98/><G60/><T42/><D35/><U7/><E7/><N who="2" m="3135" /><F70/><W106/><G54/><T132/><D132/><U129/><E129/><N who="3" m="49738" /><G112/><T53/><D53/><N who="1" m="31783" /><E23/><V37/><F37/><W119/><G119/><T6/><D19/><U39/><E108/><AGARI ba="2,3" hai="85,86,94,96,98,101,102,106,108,110,111" m="49738" machi="108" ten="30,3900,0" yaku="19,1,34,2" doraHai="47" who="3" fromWho="1" sc="209,0,349,-45,181,0,231,75" /><INIT seed="5,0,0,4,2,94" ten="209,304,181,306" oya="1" hai0="118,101,37,92,32,124,66,38,26,31,63,45,52" hai1="129,18,40,95,104,87,72,106,89,2,115,48,105" hai2="33,67,34,102,12,69,24,76,3,41,83,22,82" hai3="16,75,36,128,4,71,135,54,13,117,43,57,58"/><U109/><E2/><V21/><F67/><W73/><G71/><T132/><D118/><U103/><E115/><V113/><F69/><W64/><G117/><T121/><D124/><U56/><E129/><V130/><F130/><W5/><G128/><T97/><D132/><U35/><E109/><V14/><F113/><W0/><G135/><T119/><D119/><U42/><E72/><V60/><F3/><W62/><G75/><T55/><D121/><U68/><E68/><V23/><F60/><W126/><G73/><T11/><D11/><U25/><E103/><V99/><F41/><W81/><G126/><T30/><D30/><U70/><E70/><V29/><F34/><W112/><G112/><T127/><D127/><U86/><E86/><V91/><F91/><W88/><G36/><T78/><D78/><U107/><N who="1" m="26624" /><DORA hai="116" /><U79/><E79/><V80/><REACH who="2" step="1"/><F76/><REACH who="2" ten="209,304,171,306" step="2"/><W46/><G0/><T61/><D61/><U85/><E35/><V90/><F90/><W1/><G1/><T20/><D32/><U114/><E114/><V49/><F49/><N who="3" m="26847" /><G88/><T9/><D37/><U19/><E42/><V122/><F122/><W39/><G39/><T28/><D38/><U10/><E40/><V59/><F59/><W123/><G123/><T6/><D45/><U53/><E89/><V133/><F133/><W74/><G58/><N who="0" m="37239" /><D31/><U27/><E56/><V134/><F134/><W108/><G64/><T125/><D125/><U110/><E48/><V77/><F77/><N who="3" m="44215" /><G108/><T51/><D51/><U15/><E110/><V120/><F120/><W84/><G84/><T98/><D98/><RYUUKYOKU ba="0,1" sc="209,10,304,-30,171,10,306,10" hai0="6,9,20,26,28,52,55,92,97,101" hai2="12,14,21,22,23,24,29,33,80,82,83,99,102" hai3="4,5,13,16,54,57,62" /><INIT seed="6,1,1,3,4,58" ten="219,274,181,316" oya="2" hai0="134,31,112,26,95,2,117,61,100,92,55,115,38" hai1="74,22,54,0,65,57,99,84,72,53,39,68,87" hai2="33,88,121,21,1,93,98,37,110,23,11,40,109" hai3="35,102,131,63,30,13,113,82,41,20,118,46,10"/><V111/><F121/><W15/><G118/><T73/><D73/><U27/><E39/><V4/><REACH who="2" step="1"/><F33/><REACH who="2" ten="219,274,171,316" step="2"/><W7/><G35/><T70/><D117/><U78/><E72/><V45/><AGARI ba="1,2" hai="1,4,11,21,23,37,40,45,88,93,98,109,110,111" machi="45" ten="40,12000,1" yaku="1,1,2,1,0,1,10,1,54,1,53,0" doraHai="58" doraHaiUra="52" who="2" fromWho="2" sc="219,-41,274,-41,171,143,316,-41" /><INIT seed="6,2,0,5,0,76" ten="178,233,314,275" oya="2" hai0="21,57,38,51,44,0,99,127,103,71,120,95,24" hai1="89,55,12,124,33,109,84,5,74,53,70,15,2" hai2="22,52,105,66,6,92,110,102,47,19,23,77,121" hai3="88,85,101,13,35,86,56,123,129,45,67,78,11"/><V17/><F121/><W115/><G123/><T40/><D120/><U97/><E109/><V37/><F105/><W96/><G35/><T80/><D0/><U112/><E74/><V73/><F110/><W65/><G129/><T3/><D3/><U91/><E112/><V69/><F6/><W64/><G115/><T87/><D71/><U28/><E70/><V58/><F92/><N who="3" m="58503" /><G45/><T27/><D127/><U8/><E124/><V81/><F102/><W43/><G43/><T82/><D38/><U63/><E33/><V135/><F135/><W41/><G41/><T130/><D130/><U25/><E97/><V93/><F93/><N who="3" m="54415" /><G56/><T72/><D72/><U18/><E91/><V20/><F47/><W113/><G113/><T48/><D87/><U39/><E39/><V83/><F37/><W119/><G119/><T26/><D21/><U14/><E2/><V128/><F128/><W32/><G32/><T133/><D133/><U4/><E8/><V61/><REACH who="2" step="1"/><F83/><REACH who="2" ten="178,233,304,275" step="2"/><N who="3" m="47479" /><G67/><T9/><D9/><U104/><E104/><V29/><F29/><W132/><G132/><T108/><D108/><U10/><E28/><V79/><F79/><W34/><G34/><T75/><D75/><U30/><E30/><V106/><F106/><W100/><G100/><T49/><D49/><AGARI ba="2,1" hai="17,19,20,22,23,49,52,58,61,66,69,73,77,81" machi="49" ten="40,7700,0" yaku="1,1,52,1,54,1,53,0" doraHai="76" doraHaiUra="7" who="2" fromWho="0" sc="178,-83,233,0,304,93,275,0" /><INIT seed="6,3,0,0,1,113" ten="95,233,397,275" oya="2" hai0="45,36,54,0,10,134,119,92,126,52,23,65,53" hai1="1,33,91,109,29,101,133,73,123,12,35,108,70" hai2="17,68,105,8,11,67,28,61,107,128,15,60,39" hai3="2,96,80,30,66,78,34,31,127,98,114,50,129"/><V97/><F128/><W48/><G2/><T20/><D126/><U111/><E70/><V90/><F39/><W24/><G129/><T3/><D134/><U71/><E71/><V124/><F124/><W85/><G127/><T117/><D65/><U25/><E73/><V122/><F122/><W64/><G114/><T106/><D106/><U81/><E101/><V37/><F37/><W27/><G64/><T120/><D120/><U40/><E123/><V32/><F61/><W6/><G6/><T83/><D83/><U121/><E121/><V69/><F69/><W16/><G66/><T7/><D0/><U116/><E40/><V5/><F90/><W22/><G96/><T75/><D75/><U99/><E133/><V49/><F49/><W103/><REACH who="3" step="1"/><G30/><REACH who="3" ten="95,233,397,265" step="2"/><T13/><D3/><U58/><E1/><V56/><F68/><W89/><G89/><T41/><REACH who="0" step="1"/><D92/><AGARI ba="3,1" hai="16,22,24,27,31,34,48,50,78,80,85,92,98,103" machi="92" ten="30,3900,0" yaku="1,1,7,1,54,1,53,0" doraHai="113" doraHaiUra="87" who="3" fromWho="0" sc="95,-48,233,0,397,0,265,58" /><INIT seed="7,0,0,0,5,61" ten="47,233,397,323" oya="3" hai0="43,47,29,85,76,12,68,91,36,10,3,102,100" hai1="87,89,104,96,92,58,21,45,64,80,46,108,120" hai2="51,113,72,17,6,110,129,78,114,40,84,4,124" hai3="16,50,94,119,52,20,67,42,7,98,90,18,77"/><W81/><G119/><T75/><D68/><U111/><E120/><V74/><F110/><W14/><G42/><T123/><D123/><U115/><E115/><N who="2" m="44043" /><F129/><W24/><G7/><N who="2" m="2601" /><F124/><W55/><G67/><T126/><D126/><U69/><E69/><V32/><F32/><W9/><REACH who="3" step="1"/><G50/><REACH who="3" ten="47,233,397,313" step="2"/><T37/><D36/><U125/><E125/><V99/><F51/><W133/><G133/><T109/><D3/><U13/><E108/><V0/><F0/><W86/><AGARI ba="0,1" hai="9,14,16,18,20,24,52,55,77,81,86,90,94,98" machi="86" ten="20,18000,2" yaku="1,1,0,1,7,1,8,1,54,2,53,0" doraHai="61" doraHaiUra="121" who="3" fromWho="3" sc="47,-60,233,-60,397,-60,313,190" owari="-13,-51.0,173,-23.0,337,14.0,503,60.0" /></mjloggm>