<mjloggm ver="2.3"><GO type="225"/><UN n0="%E9%9B%B2%E9%9B%80%E6%81%AD%E5%BC%A5" n1="%E5%B9%B3%E5%9D%87%E9%A0%86%E4%BD%8D%E9%87%8D%E8%A6%96" n2="%E3%83%9B%E3%83%A2%E3%83%8F%E3%83%A0" n3="%E3%82%AA%E3%82%AB%E3%83%AB%E3%83%88" dan="16,16,16,16" rate="2109,2040,2025,2089" sx="M,M,M,M"/><TAIKYOKU oya="0"/><INIT seed="0,0,0,3,1,124" ten="250,250,250,250" oya="0" hai0="70,85,68,32,38,25,44,104,90,107,3,42,84" hai1="51,45,119,89,93,97,117,114,118,100,78,8,110" hai2="94,108,65,33,40,35,83,2,95,7,130,103,39" hai3="1,17,4,113,131,81,37,20,0,76,80,14,75" shuffle="mt19937ar,B153F61E,B1B0A751,2E6C988C,7876207F,CB497398,930498E2,D0A0705C,30BE2FA1"/><T47/><D3/><U24/><E114/><V19/><F108/><W27/><G113/><T98/><D47/><U6/><E110/><V105/><F40/><W102/><G37/><T69/><D98/><U26/><E78/><V122/><F39/><W23/><G102/><T74/><D74/><U88/><E89/><V57/><F122/><W92/><G92/><T127/><D127/><U46/><E100/><V106/><F83/><W109/><G109/><T132/><D132/><U72/><E72/><V79/><F79/><W15/><G81/><T87/><REACH who="0" step="1"/><D90/><REACH who="0" step="2"/><U67/><E46/><V29/><F103/><W50/><G1/><T112/><D112/><U120/><E120/><V30/><F2/><W129/><G0/><T49/><D49/><U59/><E45/><V96/><F96/><W22/><G50/><T123/><D123/><U121/><E121/><V48/><F48/><W73/><G73/><T54/><D54/><N who="1" m="32223" /><E67/><V125/><F65/><W126/><G126/><T111/><D111/><U56/><E119/><V10/><F125/><W133/><G133/><T16/><D16/><U128/><E118/><V5/><F19/><W11/><REACH who="3" step="1"/><G27/><REACH who="3" step="2"/><T116/><D116/><U62/><E117/><V34/><F105/><W135/><G135/><T31/><AGARI ba="0,2" hai="25,31,32,38,42,44,68,69,70,84,85,87,104,107" machi="31" ten="40,3900,0" yaku="1,1,0,1,53,0" doraHai="124" doraHaiUra="61" who="0" fromWho="0" sc="240,59,250,-13,250,-13,240,-13" /><INIT seed="0,1,0,2,2,73" ten="299,237,237,227" oya="0" hai0="23,132,100,0,2,20,66,48,6,31,61,25,12" hai1="82,89,122,74,28,29,103,53,80,86,64,42,111" hai2="68,52,44,24,39,78,43,98,84,87,92,70,46" hai3="129,54,9,17,127,56,33,75,22,124,110,99,120" shuffle="mt19937ar,0B7AEF63,44CF9CB5,292D1E52,B4EBAB0E,99180D1F,09EACE2C,9D0DA85F,D8A89375"/><T76/><D132/><U4/><E122/><V128/><F128/><W97/><G120/><T90/><D100/><U11/><E111/><V83/><F84/><W71/><G33/><T125/><D125/><N who="3" m="48201" /><G110/><T63/><D63/><U105/><E64/><V57/><F46/><W96/><G71/><T45/><D90/><U19/><E19/><V21/><F92/><W51/><G129/><T65/><D65/><U95/><E42/><V67/><F98/><W26/><G75/><T85/><D6/><U40/><E40/><V109/><F67/><W34/><G9/><T106/><D106/><U36/><E36/><V107/><F107/><W88/><G34/><T112/><D112/><U104/><E104/><V91/><F91/><AGARI ba="1,0" hai="17,22,26,51,54,56,88,91,96,97,99" m="48201" machi="91" ten="30,2000,0" yaku="18,1,54,1" doraHai="73" who="3" fromWho="2" sc="299,0,237,0,237,-23,227,23" /><INIT seed="1,0,0,3,2,67" ten="299,237,214,250" oya="1" hai0="30,102,95,81,135,111,80,47,61,4,24,57,27" hai1="6,107,3,82,53,38,100,120,35,79,123,117,2" hai2="69,132,52,78,65,14,109,71,8,12,54,94,127" hai3="70,41,64,113,19,33,121,63,77,18,44,56,23" shuffle="mt19937ar,61886676,7E75D905,611EA538,5376F4E6,ADD88CC1,FA1C5BCA,609300D1,FFB23833"/><U131/><E117/><V60/><F78/><W50/><G121/><T125/><D111/><U21/><E35/><V32/><F32/><W74/><G113/><T55/><D125/><U110/><E38/><V88/><F127/><W28/><G33/><T36/><D135/><U31/><E107/><V75/><F75/><W130/><G130/><T108/><D108/><U1/><E100/><V122/><F122/><W9/><G9/><T90/><D4/><U13/><E110/><V40/><F132/><W62/><G28/><T7/><D7/><U118/><E118/><V112/><F109/><W0/><G0/><T68/><D102/><U85/><E131/><V106/><F106/><W11/><G11/><T25/><D30/><U129/><E129/><V73/><F73/><W105/><G105/><T45/><D68/><U34/><E34/><V15/><F71/><W124/><G124/><T46/><REACH who="0" step="1"/><D36/><REACH who="0" step="2"/><U87/><E6/><V103/><F103/><W114/><G114/><T42/><D42/><U91/><E31/><V133/><F133/><W83/><REACH who="3" step="1"/><G23/><REACH who="3" step="2"/><T20/><D20/><U26/><E123/><V16/><F112/><W29/><G29/><T51/><D51/><U66/><E120/><V128/><F128/><W37/><G37/><T104/><D104/><U89/><E21/><V76/><F8/><W96/><G96/><AGARI ba="0,2" hai="24,25,27,45,46,47,55,57,61,80,81,90,95,96" machi="96" ten="40,5200,0" yaku="1,1,8,1,53,1" doraHai="67" doraHaiUra="86" who="0" fromWho="3" sc="289,72,237,0,214,0,240,-52" /><INIT seed="2,0,0,3,2,127" ten="361,237,214,188" oya="2" hai0="97,133,1,8,118,114,96,37,73,70,62,88,58" hai1="122,135,125,126,13,116,132,33,19,99,41,101,90" hai2="100,25,123,54,15,102,98,72,11,104,32,60,85" hai3="107,68,31,51,22,128,63,67,71,44,57,42,82" shuffle="mt19937ar,73206D0A,68F06B06,5AB68F8D,717A19AD,2AE3F12B,7E3277D3,1337A26A,24BEE40A"/><V81/><F123/><W65/><G107/><T130/><D114/><U46/><E33/><V6/><F72/><W112/><G112/><T134/><D37/><N who="1" m="21807" /><E116/><V38/><F38/><W111/><G82/><T109/><D70/><N who="3" m="26665" /><G22/><T80/><D109/><U3/><E3/><V7/><F100/><W94/><G94/><T91/><D73/><U87/><E122/><V10/><F25/><W129/><G31/><T86/><D118/><U21/><E87/><V120/><F32/><W50/><G111/><T20/><D20/><U47/><E47/><V83/><F120/><W49/><G67/><T26/><D26/><U17/><E17/><V36/><F36/><AGARI ba="0,0" hai="36,42,44,49,50,51,57,63,65,128,129" m="26665" machi="36" ten="30,7700,0" yaku="34,2,52,2" doraHai="127" who="3" fromWho="2" sc="361,0,237,0,214,-77,188,77" /><INIT seed="3,0,0,3,1,19" ten="361,237,137,265" oya="3" hai0="103,97,104,88,10,36,57,28,98,29,123,96,121" hai1="6,42,65,71,61,95,2,59,35,102,122,125,39" hai2="100,0,117,24,17,21,44,25,37,114,54,81,14" hai3="89,26,64,73,51,4,86,5,41,126,94,47,15" shuffle="mt19937ar,D9B17AD0,EE416E57,A5B92A49,0BB4AC90,9945845A,23A4E240,1F7F69DC,8D211221"/><W8/><G73/><T63/><D36/><U108/><E122/><V76/><F117/><W31/><G126/><T77/><D77/><U12/><E35/><V115/><F0/><W30/><G64/><T20/><D10/><U23/><E125/><V107/><F107/><W92/><G5/><T56/><D56/><U53/><E2/><V112/><F100/><W43/><G43/><T135/><D135/><U18/><E6/><V116/><F116/><W32/><REACH who="3" step="1"/><G31/><REACH who="3" step="2"/><T69/><D29/><U27/><E42/><V90/><F115/><W87/><G87/><T46/><D28/><U66/><E39/><V60/><F37/><W109/><G109/><T85/><D85/><U22/><E108/><V68/><F114/><W99/><G99/><T33/><D97/><N who="1" m="59711" /><E71/><V67/><F112/><W34/><G34/><T70/><D98/><U110/><E110/><V1/><F1/><W9/><G9/><T133/><D96/><U55/><E66/><V72/><F68/><W93/><AGARI ba="0,1" hai="4,8,15,26,30,32,41,47,51,86,89,92,93,94" machi="93" ten="20,7800,0" yaku="1,1,0,1,7,1,53,1" doraHai="19" doraHaiUra="38" who="3" fromWho="3" sc="361,-26,237,-26,137,-26,255,88" owari="335,9,211,-14,111,-29,343,34" /></mjloggm>