<mjloggm ver="2.3"><GO type="225"/><UN n0="%4E%4F%4E%53%54%59%4C%45" n1="%E3%83%9B%E3%83%A2%E3%83%8F%E3%83%A0" n2="%E9%95%B7%E5%B2%A1%E5%A4%A7%E6%98%8E%E7%A5%9E" n3="%E3%83%81%E3%83%A3%E3%82%AA%E3%83%AA" dan="16,16,16,16" rate="2075,2019,2023,2042" sx="M,M,M,M"/><TAIKYOKU oya="0"/><INIT seed="0,0,0,3,5,53" ten="250,250,250,250" oya="0" hai0="89,8,22,65,61,67,122,59,107,72,113,6,128" hai1="101,51,42,100,25,123,28,27,44,111,118,125,55" hai2="34,134,32,90,73,84,24,108,124,58,69,87,64" hai3="16,121,79,26,99,21,81,114,70,116,57,96,45" shuffle="mt19937ar,BABF68E2,E2369FAC,B8847805,31B0B10A,67D8C84C,C93BCB63,A5A41778,FBC3FB68"/><T63/><D107/><U109/><E118/><V105/><F73/><W102/><G70/><T18/><D72/><U39/><E123/><V68/><F105/><W54/><G116/><T46/><D122/><U110/><E125/><V97/><F124/><W106/><G99/><T10/><D113/><U131/><E131/><V2/><F2/><W94/><G121/><T33/><D33/><U120/><E120/><V127/><F127/><W85/><G45/><T50/><D128/><U23/><REACH who="1" step="1"/><E27/><REACH who="1" step="2"/><V129/><F24/><W95/><REACH who="3" step="1"/><G114/><REACH who="3" step="2"/><T35/><D35/><U11/><E11/><V92/><F32/><W103/><G103/><T80/><D10/><U52/><E52/><V133/><F34/><W15/><G15/><N who="0" m="9567" /><D8/><U43/><E43/><V66/><F129/><W71/><G71/><T9/><D9/><U76/><E76/><V20/><F69/><W29/><G29/><T132/><D6/><U31/><E31/><V88/><F68/><W48/><AGARI ba="0,2" hai="16,21,26,48,54,57,79,81,85,94,95,96,102,106" machi="48" ten="20,8000,1" yaku="1,1,0,1,7,1,52,1,54,1,53,0" doraHai="53" doraHaiUra="126" who="3" fromWho="3" sc="250,-40,240,-20,250,-20,240,100" /><INIT seed="1,0,0,4,2,128" ten="210,220,230,340" oya="1" hai0="125,78,6,73,37,108,83,119,113,13,36,100,111" hai1="110,106,35,32,95,60,69,88,5,127,67,25,70" hai2="98,2,134,90,8,47,131,87,14,94,123,97,49" hai3="10,93,54,42,121,53,3,107,105,44,120,79,16" shuffle="mt19937ar,CA8D8954,03AE0F8D,32A015F0,1795B6CA,3A9FE1F8,612D14EB,CE382C59,655B04AC"/><U118/><E106/><V46/><F2/><W1/><G93/><T4/><D119/><U55/><E118/><V48/><F123/><W29/><G29/><T101/><D113/><U33/><E127/><V24/><F131/><W65/><G65/><T130/><D130/><U76/><E76/><V43/><F24/><W126/><G126/><T57/><D125/><U45/><E110/><N who="0" m="42025" /><D57/><U74/><E74/><V28/><F28/><W19/><G79/><T89/><D89/><U115/><E115/><V112/><F112/><W77/><G77/><T61/><D61/><U56/><E5/><N who="0" m="2153" /><D13/><U31/><E70/><V52/><REACH who="2" step="1"/><F134/><REACH who="2" step="2"/><W103/><G1/><T17/><D17/><AGARI ba="0,1" hai="8,14,17,43,46,47,48,49,52,87,90,94,97,98" machi="17" ten="30,8000,1" yaku="1,1,2,1,7,1,8,1,54,1,53,0" doraHai="128" doraHaiUra="64" who="2" fromWho="0" sc="210,-80,220,0,220,90,340,0" /><INIT seed="2,0,0,4,4,108" ten="130,220,310,340" oya="2" hai0="2,109,12,84,97,51,61,25,17,115,3,30,83" hai1="73,92,101,19,45,5,66,34,77,110,81,31,96" hai2="9,8,52,22,13,82,29,39,85,71,24,93,11" hai3="121,94,119,72,41,102,59,4,10,21,38,113,131" shuffle="mt19937ar,48EDC5CD,A077C065,450D1D26,46F47120,9845B70B,80DFA31A,30B7F53E,23FBD252"/><V86/><F39/><W88/><G72/><T35/><D109/><U124/><E124/><V104/><F104/><W132/><G119/><T47/><D61/><U28/><E110/><V50/><F71/><W63/><G121/><T69/><D69/><U112/><E112/><V106/><F106/><W42/><G102/><T26/><D26/><U37/><E5/><V6/><F93/><W65/><G132/><T74/><D74/><U129/><E129/><V78/><REACH who="2" step="1"/><F86/><REACH who="2" step="2"/><N who="3" m="52503" /><G131/><T36/><D36/><U67/><E92/><V55/><F55/><W87/><G38/><T80/><D80/><U135/><E81/><V46/><AGARI ba="0,1" hai="6,8,9,11,13,22,24,29,46,50,52,78,82,85" machi="46" ten="20,12000,1" yaku="1,1,0,1,7,1,8,1,54,1,53,0" doraHai="108" doraHaiUra="57" who="2" fromWho="2" sc="130,-40,220,-40,300,130,340,-40" /><INIT seed="2,1,0,3,1,40" ten="90,180,430,300" oya="2" hai0="14,76,25,61,130,95,23,103,91,28,131,82,24" hai1="123,53,57,59,83,42,30,81,84,79,19,124,107" hai2="68,12,50,39,117,72,126,41,26,116,64,77,66" hai3="56,55,43,74,98,20,16,2,80,113,69,90,75" shuffle="mt19937ar,CB670B3C,8420CD14,BA851613,6801361D,A3E94C6E,F83690E4,1A3F5C50,11974C0E"/><V67/><F77/><W85/><G69/><T3/><D3/><U118/><E107/><V7/><F72/><W9/><G113/><T18/><D103/><U71/><E123/><V108/><F26/><W44/><G98/><T36/><D36/><U105/><E71/><V62/><F7/><W127/><G127/><T134/><D134/><U121/><E105/><V52/><F12/><W1/><G75/><T122/><D122/><U17/><E30/><V125/><F108/><W104/><G74/><T65/><D82/><U94/><E94/><V97/><F97/><W46/><G104/><T5/><D76/><U37/><E124/><N who="2" m="47723" /><F41/><W21/><G43/><T89/><D5/><U58/><E42/><V109/><F39/><W88/><G2/><T70/><D25/><U51/><E37/><V13/><F13/><N who="3" m="7215" /><G1/><T48/><D48/><U135/><E135/><V47/><F109/><W119/><G90/><T32/><REACH who="0" step="1"/><D91/><REACH who="0" step="2"/><U110/><E110/><V63/><F68/><W86/><G119/><AGARI ba="1,1" hai="47,50,52,62,63,64,66,67,116,117,119" m="47723" machi="119" ten="40,12000,1" yaku="18,1,34,2,52,1,54,1" doraHai="40" who="2" fromWho="3" sc="80,0,180,0,430,133,300,-123" /><INIT seed="2,2,0,2,1,57" ten="80,180,563,177" oya="2" hai0="58,70,7,109,1,44,80,30,95,61,132,19,110" hai1="21,119,107,77,43,98,11,82,99,13,56,38,133" hai2="48,124,102,22,59,62,134,10,15,106,31,69,92" hai3="28,29,135,51,41,27,129,23,42,79,39,18,101" shuffle="mt19937ar,5E43AEB6,91B83A80,D40D8BF1,1A618410,2EACC86E,E8B97D48,F8F1EFA5,65ED33AB"/><V64/><F106/><W54/><G135/><T49/><D30/><U2/><E133/><V94/><F134/><W116/><G116/><T52/><D132/><U6/><E119/><V60/><F124/><W66/><G129/><T93/><D70/><U53/><E107/><V114/><F114/><W26/><G101/><T33/><D33/><U108/><E108/><N who="0" m="41577" /><D80/><U16/><E43/><V74/><F74/><W20/><G79/><T68/><D68/><U128/><E128/><V97/><F48/><W120/><G120/><T72/><D72/><U78/><E38/><V125/><F125/><W5/><G5/><T131/><D131/><U96/><REACH who="1" step="1"/><E82/><REACH who="1" step="2"/><V103/><F94/><N who="0" m="35850" /><D19/><U67/><E67/><V85/><F92/><W130/><G130/><T65/><D7/><U9/><E9/><V87/><F10/><W111/><G111/><T73/><D73/><U123/><E123/><V117/><F117/><W71/><G18/><T90/><D90/><U89/><E89/><V55/><F64/><W115/><G66/><T47/><D47/><U17/><E17/><V91/><F91/><W113/><G113/><T45/><D45/><U46/><E46/><V36/><F36/><W12/><G115/><T63/><D63/><AGARI ba="2,1" hai="2,6,11,13,16,21,53,56,63,77,78,96,98,99" machi="63" ten="40,5200,0" yaku="1,1,52,1,54,1,53,0" doraHai="57" doraHaiUra="86" who="1" fromWho="0" sc="80,-58,170,68,563,0,177,0" /><INIT seed="3,0,0,4,0,21" ten="22,238,563,177" oya="3" hai0="16,60,31,4,12,94,41,50,105,120,68,93,65" hai1="3,7,129,112,54,9,118,122,49,83,8,69,34" hai2="91,123,63,72,102,96,19,125,89,24,111,107,76" hai3="10,6,33,14,79,48,56,29,18,17,103,101,128" shuffle="mt19937ar,1B1C827C,3C78BEE7,04CB6332,89DC4DF2,4CA8A206,AC4DA35C,E657A0D8,4481FC67"/><W44/><G79/><T61/><D105/><U23/><E122/><V104/><F123/><W115/><G115/><T73/><D73/><U75/><E34/><V116/><F116/><W0/><G56/><T70/><D120/><U132/><E69/><V38/><F38/><W67/><G67/><T127/><D127/><U92/><E132/><V110/><F63/><W62/><G62/><T52/><D4/><U35/><E35/><V77/><F125/><W40/><G128/><T86/><D41/><U90/><E129/><V71/><F71/><W5/><G5/><T57/><D31/><U55/><E9/><V85/><F107/><W28/><G28/><T46/><D86/><U113/><E118/><V45/><F72/><W1/><G1/><T15/><D15/><U82/><E75/><V100/><F76/><W130/><G130/><T25/><D12/><U78/><E78/><V58/><F77/><W74/><G74/><T43/><REACH who="0" step="1"/><D70/><REACH who="0" step="2"/><U108/><E7/><V13/><F58/><W95/><G29/><T88/><D88/><U117/><E90/><V81/><F45/><W53/><G40/><T47/><D47/><U99/><E3/><V2/><F2/><W39/><G0/><T97/><D97/><U26/><E99/><V126/><F126/><W114/><G6/><T64/><D64/><U109/><E113/><V32/><F104/><W106/><G114/><T131/><D131/><U121/><E112/><V30/><F30/><W135/><G106/><T36/><D36/><U133/><E121/><V22/><F91/><W27/><G39/><T42/><D42/><RYUUKYOKU ba="0,1" sc="12,30,238,-10,563,-10,177,-10" hai0="16,25,43,46,50,52,57,60,61,65,68,93,94" owari="42,-36,228,-2,563,56,167,-18" /></mjloggm>