<mjloggm ver="2.3"><GO type="225"/><UN n0="%E3%83%A1%E3%82%BF%E3%83%95%E3%82%A1%E3%83%BC" n1="%E3%83%9B%E3%83%A2%E3%83%8F%E3%83%A0" n2="%E3%83%AD%E3%83%AA%E3%83%BC%E3%82%BF%E3%81%AA%E7%84%BC%E8%82%89" n3="%E9%97%98%E5%A3%AB%E2%98%86%E6%B8%8B%E5%B7%9D%E8%80%81" dan="16,16,16,17" rate="2075,2017,2028,2005" sx="M,M,M,M"/><TAIKYOKU oya="0"/><INIT seed="0,0,0,1,2,104" ten="250,250,250,250" oya="0" hai0="129,39,135,111,8,38,11,50,51,122,9,72,12" hai1="4,16,43,22,0,132,25,18,20,66,91,86,5" hai2="94,88,127,57,126,123,74,34,23,61,33,31,47" hai3="120,83,105,62,115,7,46,107,78,80,131,64,87" shuffle="mt19937ar,C0D57B0D,090521F1,56730293,CB8656CB,0FC5D388,849F2D5D,15F32B2A,21C62809"/><T26/><D122/><U17/><E132/><V79/><F123/><W113/><G7/><T97/><D135/><U63/><E43/><V14/><F47/><W68/><G131/><T29/><D129/><U82/><E0/><V73/><F79/><W90/><G120/><T109/><D12/><U54/><E54/><N who="2" m="33975" /><F34/><W30/><G30/><T65/><D65/><U98/><E98/><N who="2" m="57671" /><F33/><W92/><G83/><T40/><D97/><U49/><E49/><N who="0" m="18441" /><D40/><U108/><E108/><N who="0" m="41545" /><D72/><U121/><E121/><V116/><F116/><W124/><G46/><T1/><D1/><U69/><REACH who="1" step="1"/><E18/><REACH who="1" step="2"/><N who="2" m="10711" /><F31/><W67/><G67/><T100/><D100/><U85/><E85/><V6/><F6/><W84/><G84/><T112/><D112/><U95/><E95/><V41/><F41/><W77/><G92/><T24/><D29/><U13/><AGARI ba="0,1" hai="4,5,13,16,17,20,22,25,63,66,69,82,86,91" machi="13" ten="20,5200,0" yaku="1,1,0,1,7,1,54,1,53,0" doraHai="104" doraHaiUra="102" who="1" fromWho="1" sc="250,-26,240,62,250,-13,250,-13" /><INIT seed="1,0,0,5,0,135" ten="224,302,237,237" oya="1" hai0="5,10,129,18,35,115,62,33,116,17,133,77,83" hai1="65,54,96,73,91,110,123,109,43,100,30,28,55" hai2="9,46,49,42,89,130,92,31,58,20,75,52,125" hai3="24,94,114,69,19,84,21,128,48,57,118,132,37" shuffle="mt19937ar,56C4FFD4,5D6F72C1,CAF344C7,F81C1F27,F60A6762,63497525,5C0913CE,5301DCAA"/><U3/><E123/><V29/><F75/><W15/><G114/><T60/><D133/><U51/><E3/><V111/><F130/><W14/><G69/><T63/><D115/><U22/><E73/><V101/><F101/><W82/><G37/><T39/><D39/><U79/><E79/><V113/><F113/><W8/><G128/><T102/><D129/><U81/><E65/><V23/><F111/><N who="1" m="42505" /><E43/><V103/><F125/><W93/><G118/><T56/><D116/><U88/><E22/><N who="2" m="8235" /><F103/><W26/><G132/><T38/><D102/><U119/><E119/><V27/><F9/><W53/><G14/><N who="0" m="5455" /><D38/><U61/><E61/><N who="0" m="23657" /><D33/><U80/><E30/><N who="2" m="11275" /><F27/><N who="3" m="10283" /><G8/><T72/><D72/><U78/><E28/><V68/><F68/><W12/><G12/><T16/><D35/><U59/><E55/><V95/><F89/><AGARI ba="0,0" hai="15,19,21,48,53,57,82,84,89,93,94" m="10283" machi="89" ten="30,1000,0" yaku="8,1" doraHai="135" who="3" fromWho="2" sc="224,0,302,0,237,-10,237,10" /><INIT seed="2,0,0,2,0,94" ten="224,302,227,247" oya="2" hai0="49,125,104,26,6,88,132,123,130,126,18,1,61" hai1="131,124,3,102,96,60,31,92,9,38,2,114,103" hai2="98,89,117,17,82,99,80,29,58,22,12,75,8" hai3="63,83,43,5,41,85,35,62,52,56,69,46,44" shuffle="mt19937ar,3799387B,DD63F857,1AD4BD86,F49C9323,EE956890,CC04FAD3,9459E2BC,45ACACEF"/><V120/><F120/><W30/><G5/><T54/><D123/><U76/><E114/><V39/><F117/><W28/><G35/><T116/><D116/><U42/><E131/><V40/><F39/><W34/><G34/><T23/><D104/><U66/><E31/><N who="3" m="11818" /><G69/><T81/><D130/><U107/><E76/><V14/><F75/><W101/><G101/><T110/><D110/><U70/><E124/><N who="0" m="47721" /><D132/><U20/><E20/><V19/><F40/><N who="3" m="15435" /><G62/><T84/><D61/><U27/><E27/><N who="2" m="16631" /><F58/><W115/><G115/><T25/><D6/><U15/><E42/><V128/><F128/><W129/><G129/><T36/><D36/><U95/><E38/><V93/><F98/><W133/><G133/><T91/><D25/><U65/><E107/><V4/><F4/><W32/><G32/><T33/><D33/><U77/><E3/><V109/><F109/><W111/><G111/><T108/><D108/><U67/><E2/><V47/><F47/><W45/><G44/><N who="0" m="27943" /><D1/><U127/><E127/><V24/><F24/><W11/><G11/><AGARI ba="0,0" hai="8,11,12,14,17,19,80,82,89,93,99" m="16631" machi="11" ten="30,2900,0" yaku="8,1,52,1" doraHai="94" who="2" fromWho="3" sc="224,0,302,0,227,29,247,-29" /><INIT seed="2,1,0,5,5,111" ten="224,302,256,218" oya="2" hai0="105,9,97,51,80,125,56,98,128,87,99,36,61" hai1="20,7,127,17,23,106,66,108,118,89,40,4,63" hai2="16,2,11,85,26,113,48,86,3,1,102,24,45" hai3="69,34,47,72,117,0,103,62,107,110,120,114,37" shuffle="mt19937ar,7485D110,7AD49040,7B43EA62,249E782F,35F23ED6,F8009B6D,84F5B1B3,48FA3211"/><V71/><F71/><W8/><G8/><T81/><D36/><U104/><E108/><V78/><F102/><W49/><G47/><T116/><D125/><U112/><E112/><V22/><F113/><W91/><G91/><T5/><D128/><U21/><E118/><V32/><F78/><W126/><G49/><T119/><D51/><U79/><E79/><V88/><F11/><W29/><G62/><T84/><D105/><U94/><E40/><V67/><F67/><W83/><G83/><T77/><D81/><U90/><E17/><V35/><F24/><W42/><G29/><T13/><REACH who="0" step="1"/><D84/><REACH who="0" step="2"/><U15/><E106/><V135/><F85/><W14/><G42/><T101/><D101/><U75/><E104/><V121/><F121/><W57/><G103/><T18/><D18/><U74/><E127/><V50/><F50/><W133/><G57/><T10/><D10/><U38/><E38/><V25/><F25/><W82/><G82/><T123/><D123/><U93/><E7/><V130/><F48/><W64/><G14/><T115/><D115/><U134/><E15/><V100/><F100/><W131/><G64/><AGARI ba="1,1" hai="5,9,13,56,61,64,77,80,87,97,98,99,116,119" machi="64" ten="40,1300,0" yaku="1,1,53,0" doraHai="111" doraHaiUra="70" who="0" fromWho="3" sc="214,26,302,0,256,0,218,-16" /><INIT seed="3,0,0,3,5,47" ten="240,302,256,202" oya="3" hai0="125,32,126,130,67,4,16,84,102,94,15,1,31" hai1="46,14,58,52,54,110,62,81,59,3,42,132,2" hai2="27,26,24,9,90,55,134,18,118,103,69,112,79" hai3="38,106,95,17,107,43,28,36,44,29,6,74,22" shuffle="mt19937ar,1C51B4E4,6513ACE5,DB5561D7,8A338C40,6D56C089,F187B79C,5F5550F1,5F0E9BC3"/><W87/><G74/><T11/><D67/><U99/><E110/><V127/><F69/><W65/><G36/><T21/><D84/><U128/><E128/><V70/><F70/><W68/><G6/><T56/><D130/><U86/><E132/><V51/><F134/><W96/><G87/><T113/><D56/><U116/><E99/><V73/><F118/><W60/><G106/><T111/><D111/><U23/><E116/><V93/><F112/><W104/><G107/><T72/><D72/><U124/><E124/><N who="0" m="47721" /><D94/><U89/><E23/><V88/><F127/><W7/><G7/><T98/><D98/><U91/><E14/><N who="2" m="7503" /><F79/><W41/><G41/><T20/><D102/><U35/><E35/><V117/><F73/><W71/><G71/><T40/><D40/><U0/><E91/><N who="2" m="34859" /><F117/><W77/><G77/><T45/><D45/><U78/><E78/><V33/><F33/><W133/><G104/><T64/><D64/><U129/><E129/><V75/><F75/><W19/><G133/><T8/><D113/><U114/><E114/><V49/><F55/><W123/><G123/><T108/><D108/><U25/><E42/><V63/><F63/><W12/><REACH who="3" step="1"/><G19/><REACH who="3" step="2"/><T119/><D119/><U50/><E2/><V97/><AGARI ba="0,1" hai="24,26,27,49,51,93,97,103" m="34859,7503" machi="97" ten="30,7900,0" yaku="8,1,52,2,54,1" doraHai="47" who="2" fromWho="2" sc="240,-20,302,-20,256,89,192,-39" owari="220,-13,282,3,345,35,153,-25" /></mjloggm>