<mjloggm ver="2.3"><GO type="225"/><UN n0="%4E%4F%4E%53%54%59%4C%45" n1="%E3%83%95%E3%83%9E%E3%82%AD%E3%83%A9%E3%83%BC" n2="%E3%83%AD%E3%83%AA%E3%83%BC%E3%82%BF%E3%81%AA%E7%84%BC%E8%82%89" n3="%E3%83%81%E3%83%A3%E3%82%AA%E3%83%AA" dan="16,16,16,16" rate="2081,2006,2034,2036" sx="M,M,M,M"/><TAIKYOKU oya="0"/><INIT seed="0,0,0,4,5,11" ten="250,250,250,250" oya="0" hai0="83,123,43,117,42,78,103,5,35,91,4,8,65" hai1="49,115,6,62,128,27,135,16,105,18,59,98,69" hai2="57,19,80,97,2,114,32,82,134,64,44,30,37" hai3="52,14,28,118,113,90,31,1,13,12,3,100,39" shuffle="mt19937ar,5E3E0F2A,B883D7CB,7496D7F8,FE0C4F02,6FCEBCC4,2A9D3B51,AE7FCF1F,6BE2086E"/><T106/><D35/><U15/><E69/><V131/><F114/><W132/><G39/><T75/><D123/><U41/><E115/><V70/><F70/><W29/><G113/><T109/><D5/><U48/><E135/><V89/><F134/><W77/><G132/><T112/><D112/><U95/><E105/><V99/><F2/><W45/><G100/><T53/><D65/><U87/><E87/><V76/><F32/><W85/><G77/><T60/><D117/><U124/><E124/><V46/><F30/><W25/><G25/><T122/><D122/><U22/><E128/><V86/><F131/><W94/><REACH who="3" step="1"/><G118/><REACH who="3" step="2"/><T104/><D103/><N who="1" m="60895" /><E6/><V121/><F37/><W38/><G38/><T0/><D106/><U56/><E41/><V66/><F121/><W72/><G72/><T108/><D104/><U63/><E27/><V26/><F76/><W68/><G68/><T21/><D43/><U33/><E33/><V36/><F36/><W23/><G23/><T133/><D21/><U81/><E18/><V125/><F19/><W92/><G92/><T9/><D42/><U10/><E22/><V116/><F26/><W34/><G34/><T101/><D101/><U73/><E73/><V24/><F24/><W127/><G127/><T102/><D102/><U7/><E81/><N who="2" m="49359" /><F125/><W51/><AGARI ba="0,1" hai="1,3,12,13,14,28,29,31,45,51,52,85,90,94" machi="51" ten="40,12000,2" yaku="1,1,0,1,52,3,54,1,53,0" doraHai="11" doraHaiUra="111" who="3" fromWho="3" sc="250,-60,250,-30,250,-30,240,130" /><INIT seed="1,0,0,4,2,17" ten="190,220,220,370" oya="1" hai0="78,84,123,124,23,57,25,108,14,105,81,87,118" hai1="43,104,67,103,13,53,52,47,94,31,131,82,64" hai2="95,71,125,24,56,34,22,18,61,70,115,89,112" hai3="97,110,133,44,99,33,41,7,0,1,60,117,5" shuffle="mt19937ar,D7BC040E,284C3A8E,2BB64264,B1956AA2,C8197E3B,63F8DE62,E65852AE,4457402E"/><U9/><E104/><V76/><F76/><W27/><G60/><T40/><D105/><U16/><E131/><V111/><F111/><W30/><G110/><T11/><D108/><U129/><E129/><V46/><F46/><W98/><G133/><T92/><D118/><U107/><E107/><V36/><F36/><W15/><G117/><T63/><D123/><U80/><E31/><V35/><F125/><W59/><G59/><T135/><D124/><U128/><E128/><V38/><F38/><W119/><G119/><T48/><D135/><U77/><E64/><V51/><F51/><W42/><G42/><T6/><D92/><U83/><E67/><V75/><F75/><W100/><G100/><T10/><D10/><U68/><E68/><V54/><F71/><W101/><G101/><T28/><D87/><U45/><E77/><V121/><F70/><W4/><REACH who="3" step="1"/><G15/><REACH who="3" step="2"/><T134/><D134/><U62/><E62/><V109/><F121/><W74/><G74/><T90/><D40/><U50/><E45/><V21/><F109/><W37/><AGARI ba="0,1" hai="0,1,4,5,7,27,30,33,37,41,44,97,98,99" machi="37" ten="30,2000,0" yaku="1,1,0,1,53,0" doraHai="17" doraHaiUra="116" who="3" fromWho="3" sc="190,-5,220,-10,220,-5,360,30" /><INIT seed="2,0,0,4,1,129" ten="185,210,215,390" oya="2" hai0="122,32,51,10,40,80,105,86,133,55,114,52,96" hai1="16,127,92,64,69,5,27,124,4,123,107,91,104" hai2="132,7,24,111,121,13,113,41,93,19,12,118,101" hai3="18,23,60,108,88,28,117,36,109,110,131,2,134" shuffle="mt19937ar,09C1A3EA,314FF237,B096CBA9,AC02C509,9FE70835,FA778314,755C64FA,2F347E8D"/><V82/><F118/><W119/><G2/><T25/><D122/><U99/><E123/><V100/><F121/><W67/><G36/><T77/><D114/><U3/><E64/><V115/><F41/><W103/><G134/><T87/><D133/><U6/><E69/><V1/><F132/><W116/><G131/><T31/><D105/><U90/><E3/><V37/><F82/><W46/><G46/><T26/><D96/><U94/><E104/><V56/><F37/><W9/><G103/><T48/><D87/><U70/><E70/><V61/><F111/><W0/><G28/><T15/><D31/><U54/><E107/><V21/><F1/><W53/><G53/><T49/><D32/><U57/><E92/><V79/><F79/><W78/><G78/><T50/><D40/><U33/><E90/><V44/><F44/><W39/><G39/><T29/><D29/><U62/><E33/><V75/><F75/><W59/><G88/><N who="0" m="51271" /><D55/><U126/><E4/><V71/><F7/><N who="3" m="1255" /><G119/><T8/><D77/><U11/><E11/><N who="0" m="4137" /><D15/><AGARI ba="0,0" hai="15,18,23,59,60,67,108,109,110,116,117" m="1255" machi="15" ten="30,1000,0" yaku="14,1" doraHai="129" who="3" fromWho="0" sc="185,-10,210,0,215,0,390,10" /><INIT seed="3,0,0,5,4,46" ten="175,210,215,400" oya="3" hai0="7,75,71,135,85,8,127,87,89,103,43,26,44" hai1="116,59,83,19,51,110,52,66,49,101,106,79,0" hai2="47,72,99,38,131,42,10,29,118,15,128,81,28" hai3="117,1,112,45,92,31,104,65,16,54,25,96,14" shuffle="mt19937ar,74140335,A9B4F887,D7605A27,72E7457B,9D953420,4F2FE59E,A6C2B4A0,04544CCE"/><W100/><G1/><T77/><D71/><U35/><E35/><V48/><F38/><W82/><G82/><T133/><D103/><U50/><E0/><V70/><F70/><W24/><G65/><T5/><D26/><U125/><E110/><V129/><F99/><W108/><G54/><T4/><D75/><U63/><E125/><V74/><F118/><W105/><G45/><T98/><D98/><U122/><E122/><V12/><F12/><W17/><G16/><T55/><D55/><U20/><E116/><V69/><F69/><W78/><G17/><T73/><D73/><N who="2" m="28266" /><F81/><W111/><G14/><T90/><D127/><U34/><E34/><V94/><F94/><W62/><G92/><T33/><D33/><U114/><E114/><V64/><F64/><W53/><G96/><T80/><D8/><U30/><E30/><V13/><F13/><W40/><G31/><T123/><D123/><U57/><E106/><V86/><F86/><W91/><G117/><T119/><D119/><U9/><E9/><V32/><F32/><W39/><G39/><T11/><D11/><U109/><E101/><V67/><F67/><W88/><G100/><T2/><D2/><U41/><E109/><V126/><F126/><W97/><G97/><T61/><D61/><U93/><E93/><V37/><F37/><W6/><G62/><T76/><D76/><U3/><E3/><V102/><F102/><W132/><G78/><T120/><D120/><U21/><E79/><V113/><F129/><W115/><G111/><T23/><D85/><U84/><E84/><V58/><F128/><RYUUKYOKU ba="0,0" sc="175,0,210,0,215,0,400,0" owari="175,-22,210,-14,215,-3,400,39" /></mjloggm>