<mjloggm ver="2.3"><GO type="225"/><UN n0="%E9%97%98%E5%A3%AB%E2%98%86%E6%B8%8B%E5%B7%9D%E8%80%81" n1="%E5%B9%B3%E5%9D%87%E9%A0%86%E4%BD%8D%E9%87%8D%E8%A6%96" n2="%E6%A0%BC%E9%97%98%E6%8A%80%E3%81%A8%E9%BA%BB%E9%9B%80" n3="%E3%82%AA%E3%82%AB%E3%83%AB%E3%83%88" dan="17,16,16,16" rate="2005,2039,2001,2095" sx="M,M,M,M"/><TAIKYOKU oya="0"/><INIT seed="0,0,0,2,0,97" ten="250,250,250,250" oya="0" hai0="84,83,47,58,69,8,109,5,30,100,46,12,85" hai1="75,3,90,76,50,133,94,38,28,53,10,62,21" hai2="63,65,54,16,122,102,34,2,45,134,11,126,117" hai3="131,86,14,29,4,89,132,87,101,31,121,92,135" shuffle="mt19937ar,1249705B,D8356C17,F9631D15,8947B309,A5D7C97F,BD046B02,5C9E3E6D,F3D94A06"/><T40/><D69/><U129/><E38/><V119/><F34/><W6/><G131/><T103/><D109/><U79/><E129/><V60/><F122/><W22/><G121/><T118/><D118/><N who="2" m="45066" /><F134/><N who="3" m="51243" /><G87/><N who="0" m="33355" /><D30/><N who="3" m="11273" /><G101/><N who="0" m="38987" /><D83/><U19/><E133/><V114/><F126/><W36/><G36/><T115/><D115/><U17/><E75/><V35/><F35/><W32/><G32/><T70/><D70/><U106/><E28/><V57/><F102/><W68/><G68/><T104/><D104/><U26/><E106/><V130/><F130/><W74/><G74/><T52/><D40/><U124/><E124/><V44/><F114/><W99/><G86/><T127/><D127/><U98/><E3/><V80/><F80/><W112/><G112/><T81/><D81/><U1/><E1/><V125/><F125/><W0/><G0/><T108/><D108/><U77/><E77/><V73/><F73/><W128/><G128/><T93/><D93/><U72/><E72/><V51/><F2/><W105/><G105/><T88/><D88/><U33/><E33/><V24/><F65/><W55/><G55/><T42/><D42/><U48/><E79/><V43/><F54/><W27/><G27/><T56/><D52/><U49/><E76/><V59/><F43/><W13/><G89/><T25/><D25/><U78/><E78/><V20/><F24/><W116/><G92/><T7/><D7/><U41/><E41/><V113/><F113/><W15/><G6/><T61/><D61/><U110/><E110/><V64/><F63/><W9/><G4/><T82/><D82/><U66/><E53/><RYUUKYOKU ba="0,0" sc="250,30,250,-10,250,-10,250,-10" hai0="5,8,12,46,47,56,58" /><INIT seed="0,1,0,0,3,133" ten="280,240,240,240" oya="0" hai0="88,28,85,98,13,74,47,122,51,60,129,79,118" hai1="14,75,54,9,49,18,41,6,53,107,87,33,125" hai2="124,4,77,63,48,92,10,94,115,46,116,38,111" hai3="8,130,15,97,11,104,32,128,2,86,93,112,131" shuffle="mt19937ar,3D8AD9F0,E72A1D26,92F57313,3D014FFF,CEEBEF1F,38528546,ECF45179,E824BC09"/><T57/><D122/><U40/><E75/><V114/><F38/><W91/><G112/><T73/><D118/><U110/><E107/><V117/><F111/><W27/><G2/><T37/><D37/><U81/><E110/><V84/><F63/><W102/><REACH who="3" step="1"/><G15/><REACH who="3" step="2"/><T121/><D13/><N who="1" m="5303" /><E33/><V105/><F115/><W0/><G0/><T52/><D121/><U58/><E125/><V108/><F124/><W134/><G134/><T123/><D123/><U36/><E36/><V42/><F114/><W69/><G69/><T67/><D129/><U66/><E66/><V16/><F116/><W56/><G56/><T23/><D79/><N who="1" m="46527" /><E54/><V132/><F117/><W3/><G3/><T64/><D64/><U44/><E58/><V59/><F59/><W126/><G126/><T78/><D78/><U5/><E5/><V70/><F77/><W1/><G1/><T50/><D50/><U29/><E29/><AGARI ba="1,1" hai="8,11,27,29,32,86,91,93,97,102,104,128,130,131" machi="29" ten="40,5200,0" yaku="1,1,19,1,53,1" doraHai="133" doraHaiUra="89" who="3" fromWho="1" sc="280,0,240,-55,240,0,230,65" /><INIT seed="1,0,0,5,1,30" ten="280,185,240,295" oya="1" hai0="63,81,61,66,120,14,55,42,10,8,31,125,72" hai1="73,43,13,78,96,22,112,91,50,5,52,100,41" hai2="108,19,20,109,102,126,127,103,132,57,85,71,6" hai3="49,36,48,83,65,77,79,87,90,123,3,26,40" shuffle="mt19937ar,9C273419,6CCD7C59,D2E5FD6D,D6579D08,6F8A616A,FE7C6A27,DDD1C9F1,6FFCA766"/><U29/><E112/><V32/><F71/><W46/><G123/><T134/><D134/><U18/><E73/><V131/><F132/><W116/><G116/><T111/><D125/><N who="2" m="47626" /><F131/><W53/><G3/><T128/><D128/><U34/><E78/><V113/><F113/><W106/><G106/><T9/><D111/><N who="2" m="42570" /><F6/><W110/><G110/><T28/><D42/><U35/><E91/><V27/><F32/><W0/><G0/><T24/><D120/><U94/><E5/><V95/><F57/><W58/><G65/><T60/><D66/><U44/><REACH who="1" step="1"/><E35/><REACH who="1" step="2"/><V4/><F4/><W88/><G79/><T33/><D72/><U93/><E93/><V37/><F37/><W45/><REACH who="3" step="1"/><G26/><AGARI ba="0,1" hai="13,18,22,26,29,34,41,43,44,50,52,94,96,100" machi="26" ten="40,12000,1" yaku="1,1,52,1,54,1,53,1" doraHai="30" doraHaiUra="17" who="1" fromWho="3" sc="280,0,175,130,240,0,295,-120" /><INIT seed="1,1,0,1,0,62" ten="280,305,240,175" oya="1" hai0="116,19,77,41,124,32,67,34,109,117,3,102,108" hai1="21,55,89,16,98,15,33,75,99,39,6,105,88" hai2="115,97,24,84,121,74,28,26,123,64,73,78,40" hai3="35,44,57,25,43,92,107,59,0,69,22,10,70" shuffle="mt19937ar,40A516C8,932650F5,8DBC64F7,A779CE9A,D3D3EA59,C6D61924,4E2BFB6D,94783ED4"/><U18/><E33/><V85/><F40/><W91/><G107/><T27/><D77/><U112/><E112/><V2/><F2/><W79/><G35/><T134/><D102/><U118/><E118/><V31/><F97/><N who="1" m="36873" /><E39/><V53/><F78/><W129/><G129/><T101/><D41/><U72/><E72/><V86/><F86/><W111/><G111/><T125/><D101/><U46/><E75/><V135/><F135/><W7/><G79/><T48/><D48/><N who="1" m="29079" /><E105/><V1/><F1/><W119/><G119/><T80/><D3/><U93/><E6/><V83/><F115/><W37/><G92/><T81/><D19/><N who="1" m="10495" /><E93/><V95/><F95/><W49/><G91/><AGARI ba="1,0" hai="16,18,88,89,91" m="10495,29079,36873" machi="91" ten="30,5800,0" yaku="8,1,54,2" doraHai="62" who="1" fromWho="3" sc="280,0,305,61,240,0,175,-61" /><INIT seed="1,2,0,2,1,92" ten="280,366,240,114" oya="1" hai0="31,21,41,126,46,6,58,124,108,22,48,114,96" hai1="62,57,88,44,102,15,135,60,86,37,103,101,75" hai2="63,121,71,111,91,59,118,133,40,47,110,82,51" hai3="45,72,53,3,64,17,123,13,87,80,117,113,9" shuffle="mt19937ar,6B58B117,3BC040BF,C8E82676,79DB4F4F,B8C899C1,95B305D8,874081BA,17129238"/><U78/><E135/><V132/><F82/><W0/><G123/><T84/><D114/><U56/><E75/><V100/><F100/><W125/><G113/><T99/><D108/><N who="2" m="41514" /><F91/><W33/><G33/><T24/><D6/><U54/><E78/><V93/><F93/><W112/><G112/><T65/><D22/><U11/><E37/><V12/><F12/><W25/><G125/><N who="0" m="48235" /><D84/><U131/><E131/><V134/><F121/><W74/><G117/><T94/><D94/><U18/><E44/><V50/><F118/><W105/><G105/><T85/><D85/><U2/><E2/><V128/><F71/><W10/><G64/><T39/><D65/><N who="1" m="39047" /><E103/><V130/><F51/><W16/><G3/><T68/><D68/><U49/><E62/><V38/><F38/><W77/><G25/><T55/><AGARI ba="2,0" hai="21,24,31,39,41,46,48,55,58,96,99" m="48235" machi="55" ten="30,4000,0" yaku="18,1,52,2" doraHai="92" who="0" fromWho="0" sc="280,46,366,-22,240,-12,114,-12" /><INIT seed="2,0,0,4,2,5" ten="326,344,228,102" oya="2" hai0="13,104,70,135,35,28,128,37,31,111,96,99,57" hai1="85,20,1,73,74,21,29,102,113,107,65,50,122" hai2="15,43,95,125,46,60,110,132,131,76,9,81,11" hai3="119,34,88,98,100,56,25,30,80,86,82,90,84" shuffle="mt19937ar,F4A8BCEF,2D185821,7594CD7A,99C31172,ABBD1FCC,7879A93B,9157C992,6A432060"/><V92/><F125/><W79/><G119/><T129/><D70/><U40/><E1/><V48/><F131/><N who="0" m="50250" /><D37/><U51/><E113/><V8/><F132/><W63/><G100/><N who="0" m="62495" /><D111/><U17/><E122/><V114/><F114/><W55/><REACH who="3" step="1"/><G98/><REACH who="3" step="2"/><T12/><D96/><U32/><E102/><V91/><F110/><W115/><G115/><T53/><D135/><U75/><E107/><V97/><F60/><W106/><G106/><T54/><D54/><U103/><E103/><V14/><REACH who="2" step="1"/><F95/><REACH who="2" step="2"/><W133/><G133/><T44/><D35/><U52/><E32/><V41/><F41/><W71/><G71/><T77/><D53/><U116/><E52/><V23/><F23/><W117/><G117/><T62/><D62/><U61/><E20/><V22/><F22/><W26/><G26/><T112/><D112/><U42/><E116/><V127/><F127/><W45/><G45/><T33/><D44/><U108/><E108/><V36/><F36/><W87/><G87/><AGARI ba="0,2" hai="8,9,11,14,15,43,46,48,76,81,87,91,92,97" machi="87" ten="40,24000,3" yaku="1,1,8,1,52,3,53,3" doraHai="5" doraHaiUra="4" who="2" fromWho="3" sc="326,0,344,0,218,260,92,-240" owari="326,-2,344,9,478,48,-148,-55" /></mjloggm>