<mjloggm ver="2.3"><GO type="225"/><UN n0="%E9%95%B7%E5%B2%A1%E5%A4%A7%E6%98%8E%E7%A5%9E" n1="%E7%8B%82%E5%96%9C%E4%B9%B1%E8%88%9E" n2="%E8%B6%85%E3%83%92%E3%83%A2%E3%83%AA%E3%83%AD" n3="%E5%B9%BC%E5%A5%B3%E5%A4%A7%E5%A5%BD%E7%81%AB%E3%83%8E%E9%B3%A5" dan="16,16,16,16" rate="2025,2049,2003,2043" sx="M,M,F,F"/><TAIKYOKU oya="0"/><INIT seed="0,0,0,3,1,43" ten="250,250,250,250" oya="0" hai0="60,80,107,118,41,66,134,62,125,112,46,11,16" hai1="29,65,95,79,6,86,58,21,127,129,69,96,93" hai2="122,7,63,33,124,131,0,103,78,98,100,88,59" hai3="81,94,108,85,99,44,23,97,120,18,102,25,68" shuffle="mt19937ar,4E756190,3B6142DE,54661210,033C816C,7AA7B5BC,5587A208,2259B8AB,D7DCDED3"/><T55/><D107/><U49/><E69/><V71/><F71/><W87/><G68/><T92/><D118/><U37/><E37/><V40/><F122/><W84/><G120/><T116/><D116/><U83/><E129/><V28/><F78/><W114/><G114/><T45/><D112/><U89/><E127/><V130/><F124/><W52/><G99/><T76/><D125/><U51/><E6/><V30/><F7/><W12/><G108/><T72/><D134/><U31/><E93/><N who="2" m="56615" /><F0/><W90/><G25/><T56/><D92/><U110/><E110/><V22/><F33/><W70/><G70/><T67/><D62/><U113/><E113/><V82/><F82/><W27/><G27/><T73/><D73/><U35/><E35/><V121/><F121/><W109/><G109/><T126/><D126/><U3/><E3/><V26/><F30/><N who="1" m="11273" /><E21/><V104/><F104/><W2/><G2/><T132/><D132/><U105/><E105/><V14/><F14/><W13/><G12/><T42/><D11/><U119/><E119/><V1/><F1/><W47/><G52/><T123/><D123/><U20/><E20/><V9/><F9/><W61/><G61/><AGARI ba="0,0" hai="49,51,58,61,65,79,83,86,89,95,96" m="11273" machi="61" ten="30,1000,0" yaku="8,1" doraHai="43" who="1" fromWho="3" sc="250,0,250,10,250,0,250,-10" /><INIT seed="1,0,0,3,2,94" ten="250,260,250,240" oya="1" hai0="34,49,17,71,52,48,118,99,100,2,35,57,128" hai1="39,134,109,63,44,76,53,120,19,75,14,20,93" hai2="62,83,126,29,7,23,119,122,102,8,123,101,12" hai3="59,110,55,89,28,64,107,21,66,78,69,22,88" shuffle="mt19937ar,C9CAC6FF,18D82CBD,EBAA5F03,8CF4B3F3,70CD05CF,A9028FE6,85A5C703,A59B46D5"/><U98/><E120/><V6/><F119/><W3/><G3/><T61/><D118/><U84/><E75/><V114/><F126/><W56/><G107/><T112/><D112/><U79/><E134/><V124/><F124/><W47/><G69/><T113/><D113/><U13/><E39/><V31/><F114/><W54/><G78/><T105/><D128/><U132/><E132/><V80/><F123/><W5/><G5/><T26/><D2/><U117/><E117/><V68/><F6/><W33/><G47/><T86/><D86/><U30/><E30/><V50/><F68/><W97/><G28/><T36/><D36/><U4/><E84/><V1/><F1/><W85/><G85/><T65/><REACH who="0" step="1"/><D48/><REACH who="0" step="2"/><N who="1" m="28807" /><E109/><V42/><F122/><W106/><G110/><T67/><D67/><U37/><E37/><V133/><F50/><W127/><G127/><T40/><D40/><U125/><E125/><V91/><F42/><W111/><G111/><T116/><D116/><U135/><E135/><V96/><F133/><W60/><G33/><T104/><D104/><U95/><E63/><V73/><F62/><W115/><G115/><T121/><D121/><U11/><E93/><V41/><F41/><W24/><G60/><T103/><D103/><AGARI ba="0,1" hai="4,11,13,14,19,20,76,79,95,98,103" m="28807" machi="103" ten="30,2900,0" yaku="8,1,52,1" doraHai="94" who="1" fromWho="0" sc="240,-29,260,39,250,0,240,0" /><INIT seed="1,1,0,4,2,21" ten="211,299,250,240" oya="1" hai0="51,133,3,120,92,109,9,4,90,23,60,73,126" hai1="100,22,39,15,91,130,20,83,78,119,12,81,101" hai2="111,37,112,35,45,26,6,98,67,16,131,25,18" hai3="58,113,135,11,118,93,28,123,44,55,71,86,13" shuffle="mt19937ar,29ED4C8A,8CC3DAA3,45C053BC,545568C1,A2838EAB,4B07B3D8,597B113A,952F7908"/><U63/><E39/><V49/><F37/><W117/><G71/><T48/><D109/><U105/><E119/><N who="3" m="45578" /><G113/><T31/><D133/><U52/><E130/><V76/><F35/><W66/><G135/><T57/><D73/><U107/><E91/><V42/><F131/><W38/><G123/><T0/><D0/><U127/><E127/><V106/><F112/><W59/><G28/><T50/><D120/><U94/><E94/><V56/><F6/><N who="3" m="3319" /><G66/><T88/><D126/><U29/><E29/><V36/><F36/><W95/><G86/><T87/><D90/><U2/><E2/><V54/><F67/><W14/><G14/><T84/><D84/><U1/><E1/><V33/><F33/><W134/><G134/><T8/><D8/><U74/><E74/><V82/><F111/><W85/><G85/><T72/><D72/><U104/><E78/><V24/><F76/><W89/><G89/><T47/><D31/><U79/><E79/><V97/><F82/><W7/><G7/><T40/><REACH who="0" step="1"/><D23/><REACH who="0" step="2"/><U65/><E20/><V96/><F106/><W27/><G95/><T128/><D128/><U34/><E22/><V77/><F77/><W116/><G93/><T103/><D103/><U61/><E34/><V64/><F42/><W132/><G116/><T17/><D17/><U115/><E115/><V122/><F122/><W75/><G75/><T5/><D5/><U53/><E105/><V129/><F129/><W41/><G132/><T108/><D108/><U114/><E114/><V99/><N who="2" m="25088" /><DORA hai="102" /><V46/><F18/><W19/><G19/><T32/><D32/><RYUUKYOKU ba="1,1" sc="201,15,299,15,250,-15,240,-15" hai0="3,4,9,40,47,48,50,51,57,60,87,88,92" hai1="12,15,52,53,61,63,65,81,83,100,101,104,107" /><INIT seed="1,2,1,5,5,13" ten="216,314,235,225" oya="1" hai0="61,70,102,34,104,25,85,1,26,108,95,130,52" hai1="8,60,96,77,43,92,27,32,35,14,83,28,5" hai2="53,107,71,134,64,116,51,59,0,21,112,6,30" hai3="115,4,90,72,20,37,22,55,49,39,91,11,109" shuffle="mt19937ar,C2B00E06,486E23AC,319C04AB,D6BD5439,1CA2FD02,05A114CE,D68F58B5,8525ECA8"/><U44/><E60/><V125/><F112/><W98/><G72/><T12/><D1/><U47/><E35/><V119/><F107/><W101/><G115/><T135/><D108/><U33/><E32/><V78/><F125/><W38/><G109/><T126/><D126/><U31/><E31/><V40/><F134/><W99/><G99/><T56/><D135/><U46/><E96/><V111/><F111/><W120/><G120/><T54/><D70/><U123/><E92/><V81/><F40/><W7/><G91/><N who="0" m="53743" /><D104/><U62/><E62/><V67/><F71/><W117/><G90/><T10/><D34/><U42/><REACH who="1" step="1"/><E123/><REACH who="1" step="2"/><V86/><F30/><W97/><G98/><T29/><D29/><U68/><E68/><V105/><F105/><W19/><G117/><T45/><D102/><U3/><E3/><V122/><F122/><W89/><G97/><T73/><D130/><U88/><E88/><V57/><F119/><W50/><G89/><T94/><D94/><U110/><E110/><V132/><F116/><W17/><G101/><T114/><D114/><U58/><E58/><V129/><F129/><W80/><G80/><T69/><D69/><U66/><E66/><V23/><F67/><W106/><G106/><T100/><D100/><U121/><E121/><V75/><F64/><W76/><G76/><T9/><D61/><U48/><E48/><V65/><F65/><W18/><G11/><T124/><D10/><U79/><E79/><V127/><F78/><W16/><N who="3" m="4608" /><DORA hai="93" /><W82/><G49/><T103/><D9/><U74/><AGARI ba="2,2" hai="5,8,14,27,28,33,42,43,44,46,47,74,77,83" machi="74" ten="30,12000,1" yaku="1,1,0,1,53,3" doraHai="13,93" doraHaiUra="41,84" who="1" fromWho="1" sc="216,-42,304,146,235,-42,225,-42" /><INIT seed="1,3,0,3,3,114" ten="174,450,193,183" oya="1" hai0="83,42,100,68,57,53,125,118,34,71,80,76,129" hai1="14,1,26,90,96,50,18,131,72,67,85,91,13" hai2="54,66,69,25,61,49,27,10,43,107,36,126,33" hai3="32,89,108,73,40,104,20,11,106,64,58,23,124" shuffle="mt19937ar,2EC58D0A,628D9EDE,0B187F02,67E5EB98,8D097A25,7D3E8569,441D861C,0747814E"/><U56/><E1/><V95/><F107/><W79/><G32/><T123/><D34/><U88/><E72/><V0/><F33/><W51/><G124/><T75/><D125/><U109/><E131/><V127/><F126/><W37/><G37/><T112/><D112/><U41/><E96/><V128/><F128/><W94/><G108/><T134/><D129/><U102/><E102/><V103/><F127/><W45/><G79/><T110/><D110/><U119/><E119/><V2/><F103/><W48/><G73/><T70/><D134/><U44/><E109/><V5/><F0/><W12/><G106/><T55/><D42/><U93/><E26/><V4/><F4/><W81/><G104/><T19/><D100/><U65/><E13/><V9/><F9/><W98/><G81/><T130/><D130/><U92/><E92/><V30/><F30/><W101/><G101/><T22/><D123/><U15/><E15/><V111/><F111/><W46/><G58/><T122/><D122/><U120/><E120/><V117/><F117/><W133/><G64/><N who="1" m="24650" /><E56/><N who="2" m="32847" /><F95/><W24/><G24/><T78/><D118/><U3/><E3/><V17/><F17/><N who="3" m="8351" /><G133/><T99/><D57/><U77/><E77/><V28/><F28/><W74/><G74/><N who="0" m="43031" /><D99/><U38/><E38/><V60/><F60/><W7/><G7/><T84/><D75/><U116/><E116/><V35/><F35/><W39/><G39/><T113/><D113/><U16/><E18/><V59/><F59/><W97/><G97/><T8/><D8/><AGARI ba="3,0" hai="8,14,16,41,44,50,85,88,90,91,93" m="24650" machi="8" ten="30,5800,0" yaku="8,1,54,2" doraHai="114" who="1" fromWho="0" sc="174,-67,450,67,193,0,183,0" /><INIT seed="1,4,0,1,2,130" ten="107,517,193,183" oya="1" hai0="31,58,44,51,105,65,122,82,38,13,4,10,20" hai1="50,112,127,27,55,97,89,72,86,5,131,61,23" hai2="41,98,79,135,116,92,109,48,77,3,47,100,63" hai3="75,12,119,19,21,117,7,15,17,134,121,84,69" shuffle="mt19937ar,A4A8995E,CA36D22F,8DDA4304,0C1B8DA3,3BA9D2C3,1DF6792F,0B38E88F,F680A524"/><U133/><E112/><V85/><F116/><N who="3" m="44619" /><G69/><T64/><D105/><U76/><E131/><V101/><F3/><W110/><G75/><T24/><D122/><U104/><E5/><V118/><F118/><W126/><G84/><T115/><D115/><U102/><E127/><V103/><F109/><W111/><G121/><T2/><D38/><U53/><E61/><V125/><F125/><W95/><G95/><T80/><D2/><U8/><E8/><V120/><F120/><W16/><G126/><T74/><D74/><U73/><E55/><V93/><F93/><W29/><G134/><T22/><D22/><U81/><E133/><V36/><F36/><W99/><G99/><T70/><D70/><U78/><E76/><N who="2" m="29259" /><F135/><W60/><G60/><T91/><D58/><U33/><E33/><V113/><F113/><W30/><G7/><T129/><D129/><U28/><REACH who="1" step="1"/><E78/><REACH who="1" step="2"/><V90/><F63/><W40/><G40/><T83/><REACH who="0" step="1"/><D91/><REACH who="0" step="2"/><U62/><E62/><V94/><AGARI ba="4,2" hai="41,47,48,85,90,92,94,98,100,101,103" m="29259" machi="94" ten="30,1100,0" yaku="8,1" doraHai="130" who="2" fromWho="2" sc="97,-7,507,-9,193,43,183,-7" /><INIT seed="2,0,0,1,3,13" ten="90,498,236,176" oya="2" hai0="17,34,127,56,120,99,83,65,15,3,113,88,68" hai1="43,104,105,18,81,30,62,58,112,102,101,110,86" hai2="12,10,61,84,122,8,51,93,44,45,63,24,108" hai3="21,7,90,5,6,132,2,89,123,114,124,77,64" shuffle="mt19937ar,72998AE0,EF55112F,074863E2,906297C8,32DCE065,BD7178A8,DF7B2A34,38419BC5"/><V75/><F75/><W14/><G123/><T20/><D120/><U11/><E112/><V1/><F1/><W92/><G2/><T79/><D3/><U133/><E30/><V85/><F122/><W39/><G39/><T40/><D113/><U57/><E43/><V103/><F108/><W52/><G114/><T106/><D34/><U28/><E110/><V38/><F38/><W118/><G118/><T54/><D40/><U49/><E28/><V76/><F24/><W4/><G64/><T59/><D127/><U47/><E105/><V94/><F103/><W16/><G124/><T29/><D29/><U126/><E104/><V70/><F70/><W117/><G117/><T96/><D106/><U130/><E126/><V33/><F33/><W55/><G132/><T48/><D68/><U31/><E31/><V37/><F37/><W0/><G77/><T67/><D59/><U87/><E133/><V134/><F134/><W131/><G131/><T32/><D32/><U121/><E130/><V125/><F125/><W91/><REACH who="3" step="1"/><G92/><REACH who="3" step="2"/><T100/><D79/><N who="1" m="46399" /><E121/><V109/><F109/><W95/><G95/><T69/><D69/><U35/><E35/><V98/><F76/><W107/><G107/><T72/><D72/><U129/><E129/><V80/><F98/><N who="0" m="37418" /><D100/><U27/><E102/><V82/><F51/><W116/><G116/><T19/><D88/><U135/><E101/><V36/><F36/><W23/><G23/><N who="0" m="11711" /><D83/><U73/><E73/><V66/><F66/><W50/><G50/><T26/><AGARI ba="0,1" hai="19,20,26,48,54,56,65,67" m="11711,37418" machi="26" ten="30,4000,0" yaku="8,1,52,2" doraHai="13" who="0" fromWho="0" sc="90,50,498,-10,236,-20,166,-10" /><INIT seed="3,0,0,5,5,32" ten="140,488,216,156" oya="3" hai0="8,17,64,121,38,61,80,101,30,2,9,119,11" hai1="51,103,98,20,39,84,27,41,7,68,52,87,123" hai2="63,97,73,0,12,129,89,110,67,34,81,108,47" hai3="111,29,96,109,26,70,93,74,77,104,57,62,126" shuffle="mt19937ar,21CC4594,A7AC83B1,39D777E5,5E3C6CB2,91B070FA,8151EA53,AE4CD72C,9C118439"/><W48/><G104/><T114/><D119/><U120/><E68/><V107/><F34/><W105/><G105/><T53/><D121/><U50/><E39/><V10/><F0/><W127/><G77/><T86/><D38/><U25/><E7/><V71/><F47/><W118/><G74/><T90/><D114/><U135/><E135/><V55/><F55/><N who="3" m="31975" /><G118/><T131/><D131/><U91/><E41/><V133/><F133/><W37/><G37/><T79/><D101/><U4/><E4/><V54/><F54/><W42/><G42/><T22/><D30/><U132/><E132/><V83/><F129/><W46/><G46/><T88/><D53/><U40/><E40/><V75/><F75/><W117/><G117/><T128/><D128/><U102/><E52/><V43/><F43/><W59/><G70/><T94/><D2/><U23/><E91/><N who="0" m="34857" /><D94/><U14/><E14/><V35/><F35/><N who="3" m="20919" /><G93/><T66/><D61/><U95/><E95/><N who="2" m="56559" /><F107/><W82/><G82/><N who="2" m="31241" /><F73/><W85/><G85/><T113/><D113/><U60/><E60/><V78/><F78/><W72/><G72/><T134/><D134/><U19/><E98/><V49/><F49/><W45/><G96/><T100/><D100/><U125/><E123/><V115/><F115/><W1/><G1/><T21/><D21/><U56/><E120/><V116/><F116/><W5/><G45/><T99/><D99/><U124/><E56/><V28/><F28/><W3/><G59/><T76/><D76/><U58/><E58/><V33/><F33/><W15/><G62/><T18/><D22/><U6/><E102/><RYUUKYOKU ba="0,0" sc="140,15,488,-15,216,15,156,-15" hai0="8,9,11,17,18,64,66,79,80,86" hai2="10,12,63,67,71,108,110" owari="155,-19,473,47,231,-2,141,-26" /></mjloggm>