<mjloggm ver="2.3"><GO type="225"/><UN n0="%E9%81%8A%E3%81%B3%E4%BA%BA" n1="%62%61%6B%61%73%65" n2="%E3%83%81%E3%83%A3%E3%82%AA%E3%83%AA" n3="%41%6D%41" dan="16,17,16,16" rate="2029,2074,2036,2083" sx="M,F,M,M"/><TAIKYOKU oya="0"/><INIT seed="0,0,0,1,4,13" ten="250,250,250,250" oya="0" hai0="107,95,57,32,31,121,130,76,55,112,6,67,42" hai1="45,16,68,96,77,26,65,41,91,98,35,4,53" hai2="22,116,118,110,126,87,39,44,40,38,125,56,80" hai3="82,75,20,37,120,92,50,36,84,117,74,69,58" shuffle="mt19937ar,242CD6C0,BE3C5875,5199317E,A412BD3E,8FFFD082,ADB7455C,1F204B00,3C9D5473"/><T99/><D121/><U46/><E4/><V89/><F110/><W34/><G117/><N who="2" m="45161" /><F56/><W5/><G34/><T24/><D112/><U83/><E91/><V28/><F38/><W30/><G69/><T104/><D67/><U64/><E53/><V10/><F10/><W51/><G120/><T9/><D76/><U33/><E68/><V48/><F39/><W94/><G5/><T113/><D42/><U102/><E35/><V27/><AGARI ba="0,0" hai="22,27,28,40,44,48,80,87,89,125,126" m="45161" machi="27" ten="30,1100,0" yaku="12,1" doraHai="13" who="2" fromWho="2" sc="250,-5,250,-3,250,11,250,-3" /><INIT seed="1,0,0,5,3,6" ten="245,247,261,247" oya="1" hai0="0,51,122,69,94,73,30,78,85,71,132,28,109" hai1="106,19,18,9,108,60,120,133,126,29,62,23,107" hai2="22,48,68,82,79,55,93,46,38,112,41,14,91" hai3="31,39,36,42,97,67,33,102,50,58,86,59,72" shuffle="mt19937ar,A825334E,841558D3,08503581,ABB588E7,5AB52466,8B7BB276,EFDEB9D2,F2096CEB"/><U32/><E120/><V127/><F68/><W135/><G72/><T2/><D73/><U17/><E32/><V111/><F111/><W131/><G131/><T26/><D109/><U89/><E108/><V98/><F127/><W43/><G135/><T100/><D132/><U65/><E133/><V61/><F61/><N who="3" m="38327" /><G33/><T115/><D115/><U4/><E126/><V117/><F117/><W1/><G1/><T81/><D122/><U13/><E89/><V104/><F104/><W87/><G31/><T8/><D30/><U40/><E40/><N who="3" m="15402" /><G39/><T52/><D71/><U49/><E49/><V20/><F112/><W101/><G36/><T66/><D69/><U105/><REACH who="1" step="1"/><E65/><REACH who="1" step="2"/><V123/><F123/><W47/><G50/><T92/><D66/><U15/><E15/><V110/><F110/><W119/><G119/><T27/><D0/><U84/><E84/><N who="2" m="48223" /><F38/><W124/><G87/><T63/><D51/><U12/><E12/><V128/><F128/><W24/><G86/><T53/><D2/><U125/><E125/><V10/><F41/><W37/><G124/><T90/><D53/><U44/><E44/><V103/><F91/><W7/><G47/><T88/><D52/><U45/><E45/><V114/><F114/><W35/><G35/><T80/><D90/><U56/><E56/><V54/><F55/><W11/><G37/><T70/><D88/><U130/><E130/><V21/><F14/><W116/><G116/><T121/><D121/><U74/><E74/><V134/><F134/><W95/><G59/><T3/><D70/><U99/><E99/><V113/><F113/><RYUUKYOKU ba="0,1" sc="245,-15,237,15,261,15,247,-15" hai1="4,9,13,17,18,19,23,29,60,62,105,106,107" hai2="10,20,21,22,46,48,54,93,98,103" /><INIT seed="1,1,1,3,0,7" ten="230,252,276,232" oya="1" hai0="109,100,47,135,40,53,122,92,134,10,57,28,78" hai1="29,21,75,72,121,26,106,67,133,50,12,115,56" hai2="62,41,44,91,3,22,68,102,18,52,64,125,108" hai3="129,119,114,19,49,69,37,43,124,82,79,16,60" shuffle="mt19937ar,CC7C68DD,DFB420F0,FEFC8BC9,ECE87819,4A400EC8,F45E26ED,7F991310,383B43E5"/><U55/><E121/><V120/><F120/><W73/><G114/><T66/><D122/><U61/><E115/><V4/><F102/><W118/><G129/><T36/><D66/><U23/><E106/><V99/><F108/><W111/><G37/><T86/><D109/><U46/><REACH who="1" step="1"/><E133/><REACH who="1" step="2"/><V31/><F125/><W85/><G111/><T88/><D135/><U104/><E104/><V39/><F3/><W128/><G124/><T34/><D134/><U77/><E77/><V87/><F4/><W89/><G79/><T98/><D78/><U116/><E116/><V32/><F99/><W59/><G119/><T58/><D98/><U33/><E33/><V48/><F32/><W27/><G118/><T42/><D34/><U38/><E38/><V63/><F39/><W83/><G128/><T90/><D36/><U103/><E103/><V97/><F97/><W110/><G110/><T95/><D100/><U94/><E94/><V25/><F91/><W51/><G89/><T15/><D95/><U35/><E35/><V65/><F87/><W84/><G85/><T5/><D90/><U101/><E101/><V70/><REACH who="2" step="1"/><F31/><REACH who="2" step="2"/><W17/><G84/><T76/><D28/><U117/><E117/><V130/><F130/><W81/><G81/><T127/><D127/><U24/><E24/><V9/><F9/><W93/><G83/><T1/><D1/><U6/><E6/><V126/><F126/><W112/><G82/><T45/><D76/><U0/><E0/><V113/><F113/><W131/><G112/><T13/><D88/><U74/><E74/><V80/><F80/><RYUUKYOKU ba="1,3" sc="230,-15,242,15,266,15,232,-15" hai1="12,21,23,26,29,46,50,55,56,61,67,72,75" hai2="18,22,25,41,44,48,52,62,63,64,65,68,70" /><INIT seed="1,2,3,0,2,129" ten="215,257,281,217" oya="1" hai0="58,16,114,105,19,17,34,45,31,127,68,88,112" hai1="118,73,29,59,83,76,20,74,107,25,41,117,8" hai2="38,2,108,106,40,66,51,103,44,49,61,0,80" hai3="26,24,134,48,37,77,96,67,15,94,33,23,43" shuffle="mt19937ar,2045F688,FF689E6D,84E975AE,DDCE6B79,9C0FE9A7,5A7FB2CF,1EA66F48,88C56CF2"/><U72/><E107/><V97/><F108/><W27/><G37/><T10/><D68/><U128/><E128/><V91/><F80/><W50/><G77/><T60/><D105/><U100/><E100/><V18/><F91/><W46/><G67/><T36/><D127/><U133/><E41/><V78/><F78/><W52/><G134/><T135/><D10/><U62/><E8/><V132/><F132/><W82/><G82/><T90/><D135/><U63/><E133/><V28/><F28/><N who="3" m="17439" /><G15/><T120/><D120/><U123/><E63/><V99/><F99/><W22/><G33/><T70/><D70/><U102/><E102/><V6/><F18/><W12/><G12/><T131/><D131/><U98/><E98/><V1/><REACH who="2" step="1"/><F6/><REACH who="2" step="2"/><W119/><G119/><T122/><D90/><U53/><REACH who="1" step="1"/><E123/><REACH who="1" step="2"/><V42/><F42/><W54/><G43/><T110/><D122/><U4/><E4/><V86/><F86/><AGARI ba="2,5" hai="20,25,29,53,59,62,72,73,74,76,83,86,117,118" machi="86" ten="40,2000,0" yaku="1,1,53,0" doraHai="129" doraHaiUra="3" who="1" fromWho="2" sc="215,0,247,76,271,-26,217,0" /><INIT seed="1,3,0,2,0,131" ten="215,323,245,217" oya="1" hai0="71,116,83,24,125,56,117,52,82,46,134,96,4" hai1="64,109,80,54,106,76,124,16,102,41,95,10,20" hai2="7,18,60,26,38,110,108,45,12,53,63,22,115" hai3="103,132,127,123,40,104,29,1,86,44,111,107,129" shuffle="mt19937ar,B1815AEF,5958EBBC,3E064ECF,38010FFE,EE19B803,D99E1903,760BF7A4,FB0C4C90"/><U99/><E124/><V130/><F130/><W77/><G123/><T35/><D71/><U68/><E109/><N who="2" m="42091" /><F115/><W67/><G111/><T112/><D112/><U21/><E41/><N who="2" m="22711" /><F53/><W0/><G129/><T94/><D125/><U17/><E54/><V48/><F48/><W33/><G127/><T88/><D46/><U57/><E68/><V84/><F84/><W98/><G67/><T120/><D120/><U118/><E118/><V126/><F126/><W79/><G107/><T65/><D65/><U15/><E106/><V51/><F51/><W32/><G86/><T121/><D121/><U30/><E30/><N who="2" m="17751" /><F7/><W133/><G79/><T78/><D4/><U58/><E58/><V50/><F50/><N who="3" m="26887" /><G77/><T90/><D78/><U55/><E64/><V70/><F70/><W69/><G69/><T81/><D117/><U39/><E39/><V14/><F14/><W66/><G66/><T9/><D116/><U91/><E102/><V59/><F59/><W92/><G104/><T62/><D90/><U5/><E5/><V135/><F135/><N who="3" m="51787" /><G32/><T73/><D134/><U42/><E42/><V13/><F13/><W100/><G100/><T31/><D73/><U25/><E76/><V75/><F75/><W113/><G113/><T19/><D35/><U47/><E80/><V37/><F37/><W89/><G103/><T122/><D122/><U43/><E43/><V105/><F105/><W27/><AGARI ba="3,0" hai="0,1,27,29,33,89,92,98" m="51787,26887" machi="27" ten="30,7900,0" yaku="20,1,52,3" doraHai="131" who="3" fromWho="3" sc="215,-23,323,-42,245,-23,217,88" /><INIT seed="2,0,0,3,2,29" ten="192,281,222,305" oya="2" hai0="64,47,27,0,52,125,16,132,93,116,86,36,75" hai1="9,51,92,41,117,15,4,105,69,89,35,130,18" hai2="101,119,49,58,2,46,57,96,7,80,24,115,94" hai3="84,42,43,56,12,107,1,102,37,31,62,8,97" shuffle="mt19937ar,3758D359,1E036DB1,B5488835,46A5F0D0,D7FA9646,E2C5D87B,AF9FE997,71E46F0F"/><V121/><F115/><W127/><G1/><T103/><D75/><U123/><E105/><V23/><F121/><W110/><G110/><T44/><D0/><U38/><E38/><V128/><F119/><W70/><G127/><T124/><D116/><U25/><E69/><V5/><F80/><W79/><G37/><T45/><D36/><U100/><E100/><V104/><F104/><W28/><G70/><T129/><D64/><U134/><E123/><V99/><F99/><W53/><G43/><T71/><D71/><U3/><E134/><V20/><F128/><W61/><G42/><T78/><D132/><U19/><E130/><V54/><F23/><W63/><G79/><T66/><D66/><U77/><E77/><V111/><F111/><W108/><G84/><T50/><D129/><U114/><E114/><V10/><REACH who="2" step="1"/><F5/><REACH who="2" step="2"/><W11/><G108/><T81/><D125/><U112/><E112/><V120/><F120/><W133/><G133/><T30/><D124/><U21/><E21/><V13/><F13/><W82/><G82/><T60/><D60/><U135/><E15/><V88/><F88/><W83/><G83/><T65/><D81/><U14/><E135/><V131/><F131/><W106/><G106/><T118/><D118/><U95/><E117/><V98/><F98/><W67/><G63/><T59/><D78/><U122/><E122/><V40/><F40/><W90/><G90/><T126/><D126/><U109/><E89/><V6/><F6/><W68/><G12/><T32/><D103/><U76/><E76/><V113/><F113/><W17/><G102/><RYUUKYOKU ba="0,1" sc="192,-10,281,-10,212,30,305,-10" hai2="2,7,10,20,24,46,49,54,57,58,94,96,101" /><INIT seed="2,1,1,3,1,1" ten="182,271,242,295" oya="2" hai0="98,129,61,77,2,116,63,134,27,97,30,23,88" hai1="96,25,81,68,16,120,21,67,107,42,124,103,131" hai2="71,94,45,10,109,86,128,76,119,90,12,4,44" hai3="49,65,20,35,79,93,115,72,70,0,85,39,32" shuffle="mt19937ar,ADBB10A1,709786D0,6BBDEBBA,96430B38,90550DD7,83AFFE6E,8B2BD0A9,1A540A06"/><V101/><F119/><W18/><G39/><T19/><D116/><U8/><E131/><V66/><F128/><W104/><G0/><T64/><D129/><U9/><E124/><V31/><F31/><W132/><G132/><T38/><D38/><U54/><E120/><V83/><F109/><W57/><G70/><T13/><D134/><U78/><E42/><V114/><F114/><W28/><G28/><T48/><D2/><U53/><E67/><V123/><F123/><W127/><G127/><T118/><D118/><U82/><E68/><V135/><F135/><W92/><G104/><T89/><D77/><U111/><E82/><V60/><REACH who="2" step="1"/><F101/><REACH who="2" step="2"/><W110/><G110/><T14/><D30/><U91/><E111/><V11/><F11/><W15/><G115/><T34/><D34/><U73/><E9/><V125/><F125/><W80/><G35/><T75/><D75/><AGARI ba="1,2" hai="4,10,12,44,45,60,66,71,75,76,83,86,90,94" machi="75" ten="30,5800,0" yaku="1,1,7,1,52,1,53,0" doraHai="1" doraHaiUra="99" who="2" fromWho="0" sc="182,-61,271,0,232,81,295,0" /><INIT seed="2,2,0,4,2,130" ten="121,271,313,295" oya="2" hai0="104,134,103,14,1,110,125,84,48,101,40,75,58" hai1="53,92,5,77,28,50,98,89,112,109,63,52,45" hai2="133,66,108,18,106,25,72,19,24,26,65,100,132" hai3="20,23,71,129,37,6,78,126,56,9,12,85,46" shuffle="mt19937ar,4A4ADC5D,B1F9F79A,2B31F7F3,A8EBBCC3,4C391D47,AAD6D3B3,2C140EF6,550D5390"/><V88/><F72/><W49/><G129/><T135/><D1/><U70/><E109/><V95/><F108/><W81/><G126/><T15/><D75/><U114/><E77/><V10/><F100/><N who="0" m="38474" /><D104/><U21/><E5/><V121/><F106/><W93/><G71/><T113/><D113/><U120/><E120/><V35/><F35/><W96/><G56/><T55/><D110/><U83/><E83/><V97/><F121/><W11/><G11/><T124/><D40/><U80/><E80/><V41/><F41/><N who="3" m="24783" /><G37/><T51/><D84/><U54/><E70/><V107/><F107/><W13/><G13/><N who="0" m="4619" /><D48/><U122/><E122/><V127/><F10/><W90/><AGARI ba="2,0" hai="6,9,12,20,23,78,81,85,90,93,96" m="24783" machi="90" ten="30,2000,0" yaku="25,1,8,1" doraHai="130" who="3" fromWho="3" sc="121,-7,271,-7,313,-12,295,26" /><INIT seed="3,0,0,5,1,83" ten="114,264,301,321" oya="3" hai0="53,99,4,14,15,41,73,29,22,71,21,64,49" hai1="77,52,75,90,78,112,3,48,46,62,107,85,27" hai2="11,134,57,93,54,36,50,24,40,2,97,105,66" hai3="135,118,63,28,20,31,55,47,5,129,12,125,33" shuffle="mt19937ar,46E4E246,DB8FD231,410DEFDE,AF15D9D4,CCDBE642,0B077AB9,EEFCDAC4,D8AE1C47"/><W104/><G118/><T26/><D73/><U126/><E112/><V127/><F105/><W120/><G120/><T123/><D123/><U59/><E107/><V68/><F134/><W17/><G104/><T91/><D41/><U109/><E3/><V108/><F108/><W69/><G135/><T30/><D71/><U115/><E115/><V0/><F24/><W44/><G33/><T113/><D113/><U34/><E75/><V110/><F110/><W42/><G129/><T98/><D64/><U114/><E114/><V72/><F72/><W35/><G35/><T116/><D116/><U74/><E74/><V128/><F128/><W122/><G122/><T89/><D4/><U84/><E109/><V61/><F11/><W25/><G125/><T82/><D82/><U133/><E126/><V81/><F81/><W45/><G42/><T79/><D26/><U13/><E133/><V19/><F19/><W96/><G96/><T70/><D70/><U56/><E56/><V32/><F32/><W124/><G124/><T87/><D49/><U94/><E13/><V18/><F18/><W102/><G102/><T39/><D39/><U80/><E27/><V117/><F127/><W131/><G131/><T76/><REACH who="0" step="1"/><D53/><REACH who="0" step="2"/><N who="1" m="34159" /><E34/><V88/><F117/><W7/><G69/><T8/><D8/><U132/><E132/><V121/><F121/><W92/><G7/><T10/><D10/><U43/><E43/><V86/><F97/><W100/><G5/><T58/><D58/><U60/><E60/><V101/><F101/><W65/><G100/><T130/><D130/><U6/><E6/><RYUUKYOKU ba="0,1" sc="104,10,264,10,301,10,321,-30" hai0="14,15,21,22,29,30,76,79,87,89,91,98,99" hai1="46,48,52,77,78,80,84,85,90,94" hai2="0,2,36,40,50,54,57,61,66,68,86,88,93" owari="114,-29,274,-8,321,33,291,4" /></mjloggm>