<mjloggm ver="2.3"><GO type="169"/><UN n0="%E9%80%A2%E9%AD%94%E3%81%8C%E6%99%82" n1="%E3%83%95%E3%83%AA%E3%83%86%E3%83%B3" n2="%E3%83%A4%E3%82%AD%E3%83%B3" n3="%E8%B6%85%E3%83%92%E3%83%A2%E3%83%AA%E3%83%AD" dan="16,16,17,17" rate="2040,2048,2142,2093" sx="M,M,M,F"/><TAIKYOKU oya="0"/><INIT seed="0,0,0,1,1,67" ten="250,250,250,250" oya="0" hai0="57,110,96,66,95,87,74,72,23,46,4,30,9" hai1="117,17,76,64,14,120,22,107,113,42,125,94,0" hai2="39,6,108,77,36,32,105,126,70,60,92,91,21" hai3="43,8,79,124,88,131,26,19,59,93,98,75,81"/><T50/><D110/><U52/><E107/><V34/><F105/><W121/><G124/><T122/><D122/><U123/><E117/><V28/><F77/><W89/><G131/><T35/><D35/><U45/><E0/><V85/><F108/><W15/><G121/><T18/><D87/><U116/><E116/><V127/><F21/><W38/><G38/><N who="2" m="14377" /><F6/><W5/><G43/><T134/><D30/><U102/><E76/><V55/><F55/><W135/><G135/><T40/><D57/><U65/><E42/><V47/><F47/><W44/><G44/><T41/><D66/><U16/><E125/><N who="2" m="47627" /><F28/><W11/><G59/><T111/><D134/><U58/><E45/><V20/><F20/><W7/><G26/><T53/><D53/><U56/><E17/><V48/><F48/><W84/><REACH who="3" step="1"/><G11/><REACH who="3" ten="250,250,250,240" step="2"/><T132/><D132/><U78/><E123/><V118/><F118/><W12/><G12/><T62/><D111/><U49/><E14/><V114/><F114/><W83/><AGARI ba="0,1" hai="5,7,8,15,19,75,79,81,83,84,88,89,93,98" machi="83" ten="20,5200,0" yaku="1,1,0,1,7,1,54,1,53,0" doraHai="67" doraHaiUra="103" who="3" fromWho="3" sc="250,-26,250,-13,250,-13,240,62" /><INIT seed="1,0,0,4,5,61" ten="224,237,237,302" oya="1" hai0="131,74,120,25,42,69,45,44,51,49,62,105,29" hai1="28,77,86,22,4,104,5,24,21,18,132,55,19" hai2="130,11,27,126,114,100,96,95,20,48,40,64,113" hai3="83,68,23,80,0,10,38,125,129,59,109,118,82"/><U67/><E104/><V46/><F126/><W58/><G68/><T112/><D112/><N who="2" m="43114" /><F11/><W32/><G32/><T52/><D131/><U72/><E132/><V31/><F130/><W34/><G34/><T7/><D120/><U15/><E72/><V53/><F64/><W84/><G38/><T43/><D105/><U2/><E2/><V75/><F75/><W17/><G109/><T81/><D7/><U63/><E55/><AGARI ba="0,0" hai="20,27,31,40,46,48,53,55,95,96,100" m="43114" machi="55" ten="30,1000,0" yaku="11,1" doraHai="61" who="2" fromWho="1" sc="224,0,237,-10,237,10,302,0" /><INIT seed="2,0,0,0,1,13" ten="224,227,247,302" oya="2" hai0="5,16,109,114,39,95,76,89,133,124,42,106,63" hai1="126,0,18,14,71,102,84,80,24,83,104,55,94" hai2="45,77,130,93,31,57,99,87,107,64,105,118,88" hai3="60,115,86,58,34,38,101,40,132,17,43,8,46"/><V72/><F118/><W122/><G122/><T111/><D106/><U65/><E0/><V25/><F130/><W6/><G34/><T129/><D114/><U90/><E126/><V53/><F64/><W37/><G132/><T74/><D124/><U62/><E104/><V26/><F45/><W2/><G115/><T73/><D5/><U7/><E102/><N who="2" m="62687" /><F31/><W82/><G101/><T33/><D33/><U47/><E7/><V32/><F32/><W134/><G134/><T22/><D129/><U30/><E47/><V108/><F107/><W68/><G68/><T81/><D63/><U92/><E55/><V98/><F98/><W78/><G43/><T3/><D3/><U120/><E120/><V69/><F69/><W85/><G38/><T29/><D29/><U1/><E1/><V23/><F23/><W27/><G58/><T75/><D42/><U116/><E116/><V91/><F91/><W12/><G60/><T9/><D9/><U61/><E61/><N who="2" m="36015" /><F108/><N who="0" m="41546" /><D39/><U125/><E125/><V119/><F119/><W56/><G2/><T66/><D66/><U20/><REACH who="1" step="1"/><E94/><REACH who="1" ten="224,217,247,302" step="2"/><V100/><F100/><W135/><G135/><T49/><D133/><U97/><E97/><V15/><F93/><W50/><G6/><T35/><D35/><AGARI ba="0,1" hai="14,18,20,24,30,35,62,65,71,80,83,84,90,92" machi="35" ten="30,3900,0" yaku="1,1,7,1,52,1,53,0" doraHai="13" doraHaiUra="44" who="1" fromWho="0" sc="224,-39,217,49,247,0,302,0" /><INIT seed="3,0,0,4,2,83" ten="185,266,247,302" oya="3" hai0="132,95,50,107,2,35,98,38,46,126,112,62,109" hai1="116,106,41,1,11,6,28,92,125,23,121,93,7" hai2="105,56,65,12,129,32,99,120,90,130,81,63,115" hai3="94,59,69,135,67,58,127,15,119,16,79,51,128"/><W49/><G119/><T80/><D107/><U53/><E106/><V14/><F32/><W71/><G127/><T9/><D35/><U118/><E121/><V108/><F115/><W10/><G128/><N who="2" m="49257" /><F108/><W117/><G135/><T60/><D38/><U21/><E41/><V36/><F36/><W43/><G117/><N who="1" m="45162" /><E125/><V19/><F120/><W85/><G71/><T102/><D112/><U70/><E70/><V57/><F57/><N who="3" m="21515" /><G69/><T101/><D109/><U20/><E53/><V114/><F114/><W78/><G67/><T82/><D101/><U55/><E55/><V54/><F54/><W22/><G10/><T4/><D126/><U27/><E7/><V66/><F66/><W84/><G94/><AGARI ba="0,0" hai="1,6,11,20,21,23,27,28,92,93,94" m="45162" machi="94" ten="30,1000,0" yaku="12,1" doraHai="83" who="1" fromWho="3" sc="185,0,266,10,247,0,302,-10" /><INIT seed="4,0,0,2,1,76" ten="185,276,247,292" oya="0" hai0="26,49,93,23,60,40,100,63,21,118,90,64,17" hai1="116,2,123,11,62,74,12,28,10,61,127,135,16" hai2="0,121,81,53,125,45,133,117,112,75,99,91,92" hai3="124,30,131,111,33,83,94,129,128,54,108,58,36"/><T77/><D118/><U31/><E116/><V6/><F117/><W1/><G36/><T122/><D122/><U106/><E123/><V55/><F121/><W24/><G124/><T39/><D39/><U78/><E106/><V68/><F125/><W82/><G1/><T37/><D37/><U52/><E127/><V98/><F133/><W32/><G32/><T105/><D77/><U51/><E135/><V22/><F112/><W70/><G94/><T71/><D63/><N who="1" m="24075" /><E2/><V119/><F68/><W134/><G70/><T109/><D109/><N who="3" m="42057" /><G134/><T18/><D105/><U20/><E78/><V126/><F75/><W34/><G34/><T43/><D49/><AGARI ba="0,0" hai="24,30,33,49,54,58,82,83,128,129,131" m="42057" machi="49" ten="40,5200,0" yaku="19,1,52,2" doraHai="76" who="3" fromWho="0" sc="185,-52,276,0,247,0,292,52" /><INIT seed="5,0,0,5,3,133" ten="133,276,247,344" oya="1" hai0="75,78,76,86,119,115,67,55,92,109,114,1,122" hai1="59,4,39,44,103,45,110,100,97,16,84,40,89" hai2="56,36,79,57,3,38,15,10,120,12,41,42,14" hai3="134,49,111,94,35,118,61,81,68,91,70,104,121"/><U107/><E110/><V18/><F120/><W108/><G121/><T17/><D1/><U71/><E71/><V80/><F3/><W20/><G35/><T124/><D67/><U131/><E131/><V26/><F38/><W9/><G104/><T83/><D17/><U69/><E69/><V106/><F106/><W135/><G118/><T77/><D55/><U96/><E4/><V130/><F130/><W128/><G128/><T13/><D13/><N who="2" m="5226" /><F26/><W43/><G81/><N who="0" m="45215" /><D122/><U88/><E84/><N who="2" m="48159" /><F36/><W22/><G9/><T48/><D48/><U123/><E123/><V51/><F57/><W127/><G49/><T74/><D119/><U54/><E45/><V24/><F24/><W52/><G43/><T85/><D109/><U29/><E16/><V101/><F101/><W31/><G108/><T11/><D11/><U65/><E29/><V113/><F113/><N who="0" m="43018" /><D92/><U98/><E65/><V32/><F32/><W50/><G94/><T5/><D5/><U82/><E107/><V30/><F30/><W0/><G31/><T99/><D99/><U37/><E37/><V33/><F33/><W34/><G34/><T66/><D66/><U53/><E98/><V117/><F117/><W95/><G95/><T90/><D77/><U19/><E97/><V2/><F2/><W58/><G111/><T105/><D105/><U28/><E96/><V102/><F102/><W72/><G0/><T23/><D23/><U47/><E103/><V125/><F56/><W46/><G22/><T64/><D64/><U25/><E39/><V60/><F60/><W129/><G129/><T7/><D78/><RYUUKYOKU ba="0,0" sc="133,0,276,0,247,0,344,0" /><INIT seed="6,1,0,4,2,110" ten="133,276,247,344" oya="2" hai0="119,114,86,66,8,121,78,122,123,90,14,97,88" hai1="76,128,116,45,54,4,25,20,0,62,131,24,35" hai2="71,99,3,132,135,26,5,6,37,82,111,10,117" hai3="23,104,52,133,21,92,105,16,30,49,81,53,50"/><V93/><F117/><W98/><G104/><T7/><D119/><U13/><E116/><V124/><F37/><W43/><G105/><T113/><D66/><U22/><E76/><V28/><F111/><W94/><G133/><N who="2" m="51273" /><F71/><W57/><G43/><T15/><D15/><U59/><E0/><V103/><F124/><W73/><G73/><T31/><D31/><N who="1" m="19951" /><E24/><V40/><F40/><W109/><G109/><T67/><D67/><U95/><E95/><V65/><F65/><W126/><G126/><T17/><D7/><U129/><E45/><V58/><F6/><W36/><G36/><T1/><D1/><U87/><E87/><V47/><F58/><W85/><G30/><T108/><D108/><U134/><E134/><V42/><F82/><W55/><G98/><T9/><D9/><AGARI ba="1,0" hai="4,9,13,20,22,54,59,62,128,129,131" m="19951" machi="9" ten="30,1000,0" yaku="19,1" doraHai="110" who="1" fromWho="0" sc="133,-13,276,13,247,0,344,0" /><INIT seed="7,0,0,5,2,24" ten="120,289,247,344" oya="3" hai0="116,22,103,49,117,56,121,47,19,76,94,2,134" hai1="53,86,69,97,100,9,44,126,133,12,52,14,93" hai2="63,45,81,27,48,107,43,75,41,106,57,30,72" hai3="54,42,33,109,132,127,78,88,4,55,92,73,131"/><W17/><G33/><T80/><D2/><U77/><E69/><V135/><F43/><W79/><G73/><T16/><D121/><U46/><E126/><V1/><F1/><W31/><G127/><T87/><D134/><U38/><E133/><V23/><F135/><W21/><G132/><T95/><D116/><U5/><E38/><V10/><F10/><W7/><G31/><T83/><D117/><U104/><E14/><V124/><F124/><W39/><G39/><T114/><D114/><U119/><E119/><V32/><F32/><W67/><G42/><T34/><D34/><U20/><E20/><V66/><REACH who="2" step="1"/><F75/><REACH who="2" ten="120,289,237,344" step="2"/><W125/><G125/><T40/><D19/><U102/><E9/><V62/><F62/><W90/><G109/><T13/><D103/><U128/><E102/><V122/><F122/><W28/><G7/><T50/><REACH who="0" step="1"/><D83/><REACH who="0" ten="110,289,237,344" step="2"/><U35/><E100/><V11/><F11/><W96/><G4/><T71/><D71/><U113/><E35/><V118/><F118/><W61/><G17/><T101/><D101/><U112/><E5/><V65/><F65/><W123/><G67/><T25/><D25/><U68/><E68/><V74/><F74/><W120/><G123/><T18/><D18/><U64/><E64/><V98/><F98/><W110/><G96/><T89/><D89/><U37/><E97/><V29/><F29/><W58/><G120/><T130/><D130/><U26/><E128/><V108/><F108/><W0/><G110/><T6/><D6/><U60/><E26/><V15/><F15/><W84/><G131/><T8/><D8/><RYUUKYOKU ba="0,2" sc="110,15,289,-15,237,15,344,-15" hai0="13,16,22,40,47,49,50,56,76,80,87,94,95" hai2="23,27,30,41,45,48,57,63,66,72,81,106,107" owari="125,-37.0,274,7.0,252,-15.0,349,45.0" owari="125,-37.0,274,7.0,252,-15.0,349,45.0" /></mjloggm>