<mjloggm ver="2.3"><GO type="225"/><UN n0="%E4%B8%BC%E9%89%84%E6%96%8E" n1="%E6%A1%9C%E8%8A%B1%E9%96%83%E3%80%85" n2="%E6%88%A6%E5%9B%BD%E3%83%A9%E3%83%83%E3%82%B7%E3%83%A5" n3="%E3%83%AA%E3%83%A7%E3%82%AA" dan="16,17,16,16" rate="2030,2139,2094,2163" sx="M,M,M,M"/><TAIKYOKU oya="0"/><INIT seed="0,0,0,5,4,100" ten="250,250,250,250" oya="0" hai0="94,0,73,117,1,25,9,83,127,40,66,92,21" hai1="69,59,29,132,122,76,3,75,71,68,17,52,42" hai2="5,64,106,91,86,110,41,35,24,97,6,28,98" hai3="111,130,44,133,31,32,16,45,56,93,15,12,99"/><T129/><D117/><U53/><E122/><V61/><F41/><W124/><G111/><T2/><D129/><U50/><E132/><V109/><F97/><W74/><G130/><T115/><D115/><U47/><E3/><V11/><F11/><W119/><G133/><T114/><D114/><U20/><E29/><V113/><F113/><W38/><G74/><T105/><D105/><U70/><N who="1" m="17408" /><DORA hai="27" /><U49/><E42/><V118/><F118/><W65/><G38/><T18/><D127/><U46/><E59/><V54/><F54/><W60/><G124/><T63/><D40/><U43/><E43/><V51/><F51/><W67/><G67/><T58/><REACH who="0" step="1"/><D9/><REACH who="0" ten="240,250,250,250" step="2"/><U14/><E75/><V101/><F109/><W112/><G112/><T135/><D135/><U104/><E76/><AGARI ba="0,1" hai="0,1,2,18,21,25,58,63,66,73,76,83,92,94" machi="76" ten="40,3900,0" yaku="1,1,53,1" doraHai="100,27" doraHaiUra="79,81" who="0" fromWho="1" sc="240,49,250,-39,250,0,250,0" /><INIT seed="0,1,0,2,0,13" ten="289,211,250,250" oya="0" hai0="96,10,93,6,91,41,15,33,22,78,100,82,51" hai1="28,89,20,26,112,107,105,79,43,61,38,42,11" hai2="133,116,102,16,76,57,108,98,60,124,95,87,17" hai3="30,8,21,44,62,19,80,121,32,81,88,27,36"/><T134/><D134/><U55/><E79/><V14/><F133/><W66/><G8/><T72/><D33/><U0/><E112/><V24/><F108/><W125/><G125/><T77/><D22/><U34/><E89/><V109/><F109/><W97/><G97/><G121/><T64/><D64/><U58/><E34/><V113/><F113/><W90/><G36/><T1/><D1/><U35/><E35/><V126/><F24/><W71/><G44/><N who="0" m="25999" /><D72/><U73/><E73/><V111/><F111/><W31/><G32/><T7/><D7/><U63/><E63/><V86/><F14/><W83/><G31/><T69/><D69/><U103/><E103/><V130/><F130/><W122/><G30/><T37/><D37/><U9/><E9/><V106/><F106/><W50/><G122/><T94/><D82/><U92/><E92/><V4/><F4/><W131/><G131/><T119/><D119/><U70/><E70/><V59/><F116/><W18/><G71/><T56/><D56/><N who="2" m="21578" /><F60/><W2/><G62/><T29/><D29/><U23/><E23/><V68/><F68/><W123/><G123/><T127/><D127/><N who="2" m="48682" /><F76/><W46/><G66/><T48/><D48/><U110/><E110/><V39/><F39/><W74/><G74/><T114/><D114/><U132/><E132/><V99/><F99/><AGARI ba="1,0" hai="6,10,15,77,78,91,93,94,96,99,100" m="25999" machi="99" ten="30,1500,0" yaku="8,1" doraHai="13" who="0" fromWho="2" sc="289,18,211,0,250,-18,250,0" /><INIT seed="0,2,0,4,0,18" ten="307,211,232,250" oya="0" hai0="47,24,74,50,14,77,44,67,3,85,119,106,134" hai1="19,76,2,131,99,83,1,90,15,62,120,86,32" hai2="105,84,57,46,111,93,41,80,95,66,87,68,56" hai3="94,7,128,88,89,5,6,42,17,30,125,78,91"/><T0/><D74/><U4/><E120/><V11/><F105/><W81/><G128/><T36/><D119/><U124/><E131/><V70/><F111/><W28/><G125/><T123/><D123/><U112/><E124/><V126/><F126/><W29/><G42/><T22/><D106/><U100/><E32/><V40/><F11/><W55/><G55/><T26/><D134/><U117/><E117/><V97/><F97/><W58/><G58/><T73/><D73/><U135/><E135/><V35/><F80/><W121/><G121/><T48/><D36/><U133/><E133/><V20/><F20/><W108/><G108/><T51/><D67/><U8/><E112/><V64/><REACH who="2" step="1"/><F46/><REACH who="2" ten="307,211,222,250" step="2"/><W63/><G63/><T118/><D118/><U127/><E127/><V53/><F53/><W61/><G61/><T110/><D47/><U104/><E62/><V31/><F31/><W65/><G65/><T79/><D44/><U37/><E104/><V54/><F54/><W101/><G17/><T96/><D96/><U27/><E99/><V23/><F23/><W25/><G81/><T103/><D22/><U82/><E83/><V132/><F132/><W12/><G30/><T10/><D110/><U75/><E82/><V122/><F122/><W69/><G29/><T9/><D9/><U114/><E8/><V38/><F38/><W39/><G39/><T116/><D10/><U130/><E37/><V34/><AGARI ba="2,1" hai="34,35,40,41,56,57,64,66,68,70,84,87,93,95" machi="34" ten="25,6400,0" yaku="1,1,0,1,22,2,53,0" doraHai="18" doraHaiUra="92" who="2" fromWho="2" sc="307,-34,211,-18,222,80,250,-18" /><INIT seed="1,0,0,0,2,131" ten="273,193,302,232" oya="1" hai0="33,22,104,129,31,46,95,55,121,67,85,127,1" hai1="14,59,72,24,3,99,11,112,47,13,8,87,103" hai2="64,68,21,5,82,76,62,125,89,40,94,110,17" hai3="61,92,50,52,6,30,43,120,10,133,105,48,45"/><U123/><E112/><V117/><F117/><W69/><G105/><T57/><D104/><U16/><E72/><V29/><F110/><W70/><G120/><T111/><D33/><U7/><E123/><V77/><F40/><W27/><G61/><T135/><D121/><U73/><E73/><V56/><F5/><W71/><G133/><T75/><D75/><U36/><E87/><V60/><F29/><W51/><G92/><T91/><D111/><U2/><E59/><N who="2" m="36895" /><F82/><W0/><REACH who="3" step="1"/><G43/><REACH who="3" ten="273,193,302,222" step="2"/><T39/><D135/><U83/><E83/><V88/><F68/><W107/><G107/><T58/><D95/><U66/><E66/><N who="2" m="39239" /><F125/><W132/><G132/><T44/><D127/><U115/><E115/><V80/><F94/><W126/><G126/><T98/><D67/><U54/><E54/><V28/><F80/><W113/><G113/><T109/><D109/><U102/><E102/><V53/><F53/><W49/><G49/><T101/><D55/><U38/><E38/><V25/><F28/><W130/><G130/><T84/><D39/><U114/><E114/><V106/><F106/><W134/><G134/><T81/><D129/><U124/><E124/><V96/><F96/><W20/><AGARI ba="0,1" hai="0,6,10,20,27,30,45,48,50,51,52,69,70,71" machi="20" ten="30,4000,0" yaku="1,1,0,1,54,1,53,0" doraHai="131" doraHaiUra="78" who="3" fromWho="3" sc="273,-10,193,-20,302,-10,222,50" /><INIT seed="2,0,0,0,0,72" ten="263,173,292,272" oya="2" hai0="108,76,127,17,88,117,49,11,38,33,123,62,94" hai1="28,113,66,122,14,21,125,30,8,92,10,84,54" hai2="128,91,39,51,50,22,110,99,101,85,106,58,135" hai3="114,32,0,9,109,52,36,129,79,111,68,63,29"/><V104/><F39/><W57/><G36/><T80/><D38/><U102/><E113/><V78/><F135/><W34/><G114/><T134/><D123/><U13/><E122/><V43/><F104/><W48/><G129/><T86/><D33/><U59/><E125/><V25/><F128/><W31/><G34/><T12/><D127/><U41/><E41/><V83/><F43/><W107/><G107/><T97/><D134/><U61/><E54/><V47/><F47/><W16/><G79/><T98/><D108/><N who="3" m="41545" /><G32/><T81/><D117/><U112/><E112/><V105/><F105/><W89/><G89/><T18/><D62/><U56/><E56/><V1/><F1/><W45/><G68/><T87/><D49/><U116/><E116/><V46/><F46/><W37/><G37/><T130/><D130/><U70/><E70/><V20/><F91/><W67/><G0/><T95/><D18/><N who="1" m="10447" /><E84/><V5/><F110/><W120/><G120/><T133/><D133/><U74/><E74/><V124/><F124/><W71/><G71/><T2/><D2/><U121/><E121/><V100/><F106/><W64/><G64/><T53/><D53/><U82/><E82/><V73/><F83/><W60/><G60/><T44/><D44/><U19/><E8/><V90/><F73/><W65/><G65/><T132/><D132/><U3/><E3/><V69/><F69/><W118/><G118/><T119/><D119/><U7/><E7/><V4/><F4/><W115/><G115/><T23/><D11/><U26/><E26/><V103/><F5/><W96/><G96/><AGARI ba="0,0" hai="12,17,23,76,80,81,86,87,88,94,95,96,97,98" machi="96" ten="40,8000,1" yaku="6,1,8,1,52,1,54,1" doraHai="72" who="0" fromWho="3" sc="263,80,173,0,292,0,272,-80" /><AGARI ba="0,0" hai="10,14,19,28,30,59,61,66,92,96,102" m="10447" machi="96" ten="30,2000,0" yaku="6,1,8,1" doraHai="72" who="1" fromWho="3" sc="343,0,173,20,292,0,192,-20" /><INIT seed="3,0,0,3,2,71" ten="343,193,292,172" oya="3" hai0="112,8,126,59,32,117,69,14,77,67,81,42,95" hai1="16,11,124,130,114,94,115,44,36,25,106,111,74" hai2="131,83,85,31,15,113,97,120,70,22,12,54,68" hai3="23,127,26,46,123,122,7,91,93,121,116,60,88"/><W107/><G107/><T64/><D117/><U99/><E106/><V38/><F113/><W1/><G116/><T72/><D112/><U78/><E111/><V28/><F97/><W76/><G76/><T90/><D32/><U52/><E124/><V98/><F98/><W96/><G127/><T103/><D126/><U133/><E133/><V33/><F33/><W75/><G75/><T61/><D103/><U47/><E130/><V79/><F54/><W3/><G7/><T89/><D42/><U10/><E10/><V134/><F134/><W56/><G46/><T27/><D27/><U129/><E129/><V65/><F65/><W135/><G91/><T82/><D82/><U110/><E110/><V34/><F34/><W19/><REACH who="3" step="1"/><G135/><REACH who="3" ten="343,193,292,162" step="2"/><T132/><D132/><U108/><E47/><V87/><F79/><W66/><AGARI ba="0,1" hai="1,3,19,23,26,56,60,66,88,93,96,121,122,123" machi="66" ten="30,11700,0" yaku="1,1,2,1,0,1,54,1,53,0" doraHai="71" doraHaiUra="2" who="3" fromWho="3" sc="343,-39,193,-39,292,-39,162,127" /><INIT seed="3,1,0,4,3,48" ten="304,154,253,289" oya="3" hai0="118,96,66,120,44,119,99,94,89,133,78,131,57" hai1="14,80,39,42,24,20,113,6,31,18,81,84,67" hai2="112,132,82,102,127,21,37,13,73,38,58,92,32" hai3="5,103,107,19,36,117,23,71,72,51,85,109,28"/><W134/><G36/><T59/><D120/><U70/><E113/><V33/><F112/><W60/><G72/><T95/><D78/><U50/><E39/><V98/><F127/><W90/><G117/><T49/><D131/><U34/><E6/><V77/><F132/><W128/><G128/><T87/><D133/><U17/><E17/><V121/><F121/><W105/><G134/><T41/><D87/><U11/><E34/><V12/><F33/><W100/><G5/><T52/><D66/><U124/><E124/><V43/><F32/><W56/><G28/><T130/><D130/><U8/><E8/><V116/><F116/><W2/><G2/><T106/><D106/><U135/><E135/><V30/><F37/><W86/><G71/><T27/><D27/><U9/><E9/><V68/><F68/><W93/><G105/><T26/><D26/><U46/><REACH who="1" step="1"/><E84/><REACH who="1" ten="304,144,253,289" step="2"/><V64/><F38/><W63/><G86/><T53/><D119/><U126/><E126/><V122/><F122/><W3/><G3/><T76/><D118/><U115/><E115/><V83/><F73/><W123/><G123/><T129/><D129/><U74/><E74/><V22/><F30/><W69/><G107/><T10/><D10/><U25/><E25/><V97/><F22/><W79/><G23/><T125/><D125/><U15/><E15/><V101/><F21/><W55/><G85/><T45/><D76/><U110/><E110/><V7/><F77/><W40/><G79/><T54/><D45/><U29/><E29/><V1/><F13/><W75/><G19/><T114/><D114/><RYUUKYOKU ba="1,1" sc="304,15,144,15,253,-15,289,-15" hai0="41,44,49,52,53,54,57,59,89,94,95,96,99" hai1="11,14,18,20,24,31,42,46,50,67,70,80,81" owari="329,43.0,159,-34.0,238,-16.0,274,7.0" /></mjloggm>